@article{Chen2023,
   author = {Chen, J. and Xu, H. and Tao, W. and Chen, Z. and Zhao, Y. and Han, J. J.},
   title = {Transformer for one stop interpretable cell type annotation},
   journal = {Nature Communications},
   volume = {14},
   number = {1},
   pages = {223},
   ISSN = {2041-1723 (Electronic)
2041-1723 (Linking)},
   DOI = {10.1038/s41467-023-35923-4},
   url = {https://www.ncbi.nlm.nih.gov/pubmed/36641532},
   year = {2023},
   type = {Journal Article}
}

@article{Theodoris2023,
   author = {Theodoris, C. V. and Xiao, L. and Chopra, A. and Chaffin, M. D. and Al Sayed, Z. R. and Hill, M. C. and Mantineo, H. and Brydon, E. M. and Zeng, Z. and Liu, X. S. and Ellinor, P. T.},
   title = {Transfer learning enables predictions in network biology},
   journal = {Nature},
   ISSN = {1476-4687 (Electronic)
0028-0836 (Linking)},
   DOI = {10.1038/s41586-023-06139-9},
   url = {https://www.ncbi.nlm.nih.gov/pubmed/37258680},
   year = {2023},
   type = {Journal Article}
}

@misc{IBM100000,
  title={{Charting the course to 100,000 qubits}},
  author={IBM Research},
  howpublished={\url{https://research.ibm.com/blog/100k-qubit-supercomputer}},
  year={2023},
  note = {Accessed: Jun 21, 2023}
}
@misc{QiskitNature,
  title={{Qiskit Nature overview}},
  author={Qiskit},
  howpublished={\url{https://qiskit.org/ecosystem/nature/}},
  year={2021},
  note = {Accessed: May 3, 2023}
}


@misc{Sarkar2019,
      title={An algorithm for DNA read alignment on quantum accelerators}, 
      author={Aritra Sarkar and Zaid Al-Ars and Carmen G. Almudever and Koen Bertels},
      year={2019},
      journal={arXiv preprint arXiv:1909.05563},
      eprint={1909.05563},
      archivePrefix={arXiv},
      primaryClass={quant-ph}
}
@misc{QiskitQuantumOptimization,
  title={{A Walkthrough of Qiskit’s New Optimization Module}},
  author={Stefan Woerner},
  howpublished={\url{https://medium.com/qiskit/towards-quantum-advantage-for-optimization-with-qiskit-9a564339ef26}},
  year={2021},
  month={May},
  note = {Accessed: May 3, 2023}
}

@misc{IBMQuantumRuntime,
  title={{Qiskit Runtime overview}},
  author={IBM Quantum Experience},
  howpublished={\url{https://quantum-computing.ibm.com/lab/docs/iql/runtime/}},
  year={2021},
  note = {Accessed: May 3, 2023}
}

@misc{QiskitMachineLearning,
  title={{Introducing Qiskit Machine Learning 0.6}},
  author={Qiskit},
  howpublished={\url{https://medium.com/qiskit/introducing-qiskit-machine-learning-0-6-25186b57bf97}},
  year={2021},
  month={June},
  note = {Accessed: May 3, 2023}
}

@misc{QiskitNature,
  title={{Qiskit Nature overview}},
  author={Qiskit},
  howpublished={\url{https://qiskit.org/ecosystem/nature/}},
  year={2021},
  note = {Accessed: May 3, 2023}
}

@article{larose2019overview,
  title={Overview and comparison of gate level quantum software platforms},
  author={LaRose, Ryan},
  journal={Quantum},
  volume={3},
  pages={130},
  year={2019},
  publisher={Verein zur F{\"o}rderung des Open Access Publizierens in den Quantenwissenschaften}
}


@article{conlon2019error,
  title={Error generation and propagation in Majorana-based topological qubits},
  author={Conlon, Aaron and Pellegrino, Domenico and Slingerland, Johannes K and Dooley, Shane and Kells, Graham},
  journal={Physical Review B},
  volume={100},
  number={13},
  pages={134307},
  year={2019},
  publisher={APS}
}


@article{burkard2021semiconductor,
  title={Semiconductor spin qubits},
  author={Burkard, Guido and Ladd, Thaddeus D and Nichol, John M and Pan, Andrew and Petta, Jason R},
  journal={arXiv preprint arXiv:2112.08863},
  year={2021}
}


@article{levine2019parallel,
  title={Parallel implementation of high-fidelity multiqubit gates with neutral atoms},
  author={Levine, Harry and Keesling, Alexander and Semeghini, Giulia and Omran, Ahmed and Wang, Tout T and Ebadi, Sepehr and Bernien, Hannes and Greiner, Markus and Vuleti{\'c}, Vladan and Pichler, Hannes and others},
  journal={Physical review letters},
  volume={123},
  number={17},
  pages={170503},
  year={2019},
  publisher={APS}
}


@article{cross2019validating,
  title={Validating quantum computers using randomized model circuits},
  author={Cross, Andrew W and Bishop, Lev S and Sheldon, Sarah and Nation, Paul D and Gambetta, Jay M},
  journal={Physical Review A},
  volume={100},
  number={3},
  pages={032328},
  year={2019},
  publisher={APS}
}


@misc{IBMQuantumCentricSupercomputing,
  title={{The Next Wave of Quantum-Centric Supercomputing}},
  author={IBM Research},
  howpublished={\url{https://research.ibm.com/blog/next-wave-quantum-centric-supercomputing}},
  year={2021},
  month={March},
  note = {Accessed: May 3, 2023}
}

@article{smith2023clifford,
  title={Clifford-based Circuit Cutting for Quantum Simulation},
  author={Smith, Kaitlin N and Perlin, Michael A and Gokhale, Pranav and Frederick, Paige and Owusu-Antwi, David and Rines, Richard and Omole, Victory and Chong, Frederic T},
  journal={arXiv preprint arXiv:2303.10788},
  year={2023}
}


@article{patti2022markov,
  title={Markov chain Monte Carlo enhanced variational quantum algorithms},
  author={Patti, Taylor L and Shehab, Omar and Najafi, Khadijeh and Yelin, Susanne F},
  journal={Quantum Science and Technology},
  volume={8},
  number={1},
  pages={015019},
  year={2022},
  publisher={IOP Publishing}
}


@article{shehab2019noise,
  title={Noise reduction using past causal cones in variational quantum algorithms},
  author={Shehab, Omar and Kim, Isaac H and Nguyen, Nhung H and Landsman, Kevin and Alderete, Cinthia H and Zhu, Daiwei and Monroe, C and Linke, Norbert M},
  journal={arXiv preprint arXiv:1906.00476},
  year={2019}
}


@article{piveteau2022circuit,
  title={Circuit knitting with classical communication},
  author={Piveteau, Christophe and Sutter, David},
  journal={arXiv preprint arXiv:2205.00016},
  year={2022}
}



@article{jurcevic2021demonstration,
  title={Demonstration of quantum volume 64 on a superconducting quantum computing system},
  author={Jurcevic, Petar and Javadi-Abhari, Ali and Bishop, Lev S and Lauer, Isaac and Bogorin, Daniela F and Brink, Markus and Capelluto, Lauren and G{\"u}nl{\"u}k, Oktay and Itoko, Toshinari and Kanazawa, Naoki and others},
  journal={Quantum Science and Technology},
  volume={6},
  number={2},
  pages={025020},
  year={2021},
  publisher={IOP Publishing}
}


@article{cross2022openqasm,
  title={OpenQASM 3: A broader and deeper quantum assembly language},
  author={Cross, Andrew and Javadi-Abhari, Ali and Alexander, Thomas and De Beaudrap, Niel and Bishop, Lev S and Heidel, Steven and Ryan, Colm A and Sivarajah, Prasahnt and Smolin, John and Gambetta, Jay M and others},
  journal={ACM Transactions on Quantum Computing},
  volume={3},
  number={3},
  pages={1--50},
  year={2022},
  publisher={ACM New York, NY}
}

@article{liu2023towards,
  title={Towards provably efficient quantum algorithms for large-scale machine-learning models},
  author={Liu, Junyu and Liu, Minzhao and Liu, Jin-Peng and Ye, Ziyu and Alexeev, Yuri and Eisert, Jens and Jiang, Liang},
  journal={arXiv preprint arXiv:2303.03428},
  year={2023}
}

@article{abbas2021power,
  title={The power of quantum neural networks},
  author={Abbas, Amira and Sutter, David and Zoufal, Christa and Lucchi, Aur{\'e}lien and Figalli, Alessio and Woerner, Stefan},
  journal={Nature Computational Science},
  volume={1},
  number={6},
  pages={403--409},
  year={2021},
  publisher={Nature Publishing Group US New York}
}




@article{van2022probabilistic,
  title={Probabilistic error cancellation with sparse Pauli--Lindblad models on noisy quantum processors},
  author={Van Den Berg, Ewout and Minev, Zlatko K and Kandala, Abhinav and Temme, Kristan},
  journal={Nature Physics},
  pages={1--6},
  year={2023},
  publisher={Nature Publishing Group UK London}
}

@article{cerezo2022challenges,
  title={Challenges and opportunities in quantum machine learning},
  author={Cerezo, M and Verdon, Guillaume and Huang, Hsin-Yuan and Cincio, Lukasz and Coles, Patrick J},
  journal={Nature Computational Science},
  volume={2},
  number={9},
  pages={567--576},
  year={2022},
  publisher={Nature Publishing Group US New York}
}


@article{bravyi2022future,
  title={The future of quantum computing with superconducting qubits},
  author={Bravyi, Sergey and Dial, Oliver and Gambetta, Jay M and Gil, Dario and Nazario, Zaira},
  journal={Journal of Applied Physics},
  volume={132},
  number={16},
  pages={160902},
  year={2022},
  publisher={AIP Publishing LLC}
}



@article{kim2023scalable,
  title={Scalable error mitigation for noisy quantum circuits produces competitive expectation values},
  author={Kim, Youngseok and Wood, Christopher J and Yoder, Theodore J and Merkel, Seth T and Gambetta, Jay M and Temme, Kristan and Kandala, Abhinav},
  journal={Nature Physics},
  pages={1--8},
  year={2023},
  publisher={Nature Publishing Group UK London}
}


@article{egan2021fault,
  title={Fault-tolerant control of an error-corrected qubit},
  author={Egan, Laird and Debroy, Dripto M and Noel, Crystal and Risinger, Andrew and Zhu, Daiwei and Biswas, Debopriyo and Newman, Michael and Li, Muyuan and Brown, Kenneth R and Cetina, Marko and others},
  journal={Nature},
  volume={598},
  number={7880},
  pages={281--286},
  year={2021},
  publisher={Nature Publishing Group UK London}
}


@article{google2023suppressing,
   author = {Quantum, Google A. I.},
   title = {Suppressing quantum errors by scaling a surface code logical qubit},
   journal = {Nature},
   volume = {614},
   number = {7949},
   pages = {676-681},
   ISSN = {1476-4687 (Electronic)
0028-0836 (Print)
0028-0836 (Linking)},
   DOI = {10.1038/s41586-022-05434-1},
   url = {https://www.ncbi.nlm.nih.gov/pubmed/36813892},
   year = {2023},
   type = {Journal Article}
}


@article{lin2023empirical,
  title={Empirical overhead of the adapted surface code on defective qubit arrays},
  author={Lin, Sophia Fuhui and Viszlai, Joshua and Smith, Kaitlin N and Ravi, Gokul Subramanian and Yuan, Charles and Chong, Frederic T and Brown, Benjamin J},
  journal={arXiv preprint arXiv:2305.00138},
  year={2023}
}


 @misc{chow_dial_gambetta_2022, 
    title={{IBM} quantum breaks the 100‑qubit processor barrier}, 
    howpublished={\url{https://research.ibm.com/blog/127-qubit-quantum-processor-eagle}}, 
    journal={IBM Research Blog}, 
    publisher={IBM}, 
    author={Chow, Jerry and Dial, Oliver and Gambetta, Jay}, 
    year={2022}, 
    month={Feb}
}

@article{hargrave2012serendipity,
  title={Serendipity in anticancer drug discovery},
  author={Hargrave-Thomas, Emily and Yu, Bo and Reynisson, J{\'o}hannes},
  journal={World journal of clinical oncology},
  volume={3},
  number={1},
  pages={1},
  year={2012},
  publisher={Baishideng Publishing Group Inc}
}

@article{cerezo2021variational,
  title={Variational quantum algorithms},
  author={Cerezo, Marco and Arrasmith, Andrew and Babbush, Ryan and Benjamin, Simon C and Endo, Suguru and Fujii, Keisuke and McClean, Jarrod R and Mitarai, Kosuke and Yuan, Xiao and Cincio, Lukasz and others},
  journal={Nature Reviews Physics},
  volume={3},
  number={9},
  pages={625--644},
  year={2021},
  publisher={Nature Publishing Group UK London}
}


@article{popkin2016scientists,
  title={Scientists are close to building a quantum computer that can beat a conventional one},
  author={Popkin, Gabriel},
  journal={Science},
  volume={354},
  pages={1090},
  year={2016}
}


@article{Caudai2021,
   author = {Caudai, C. and Galizia, A. and Geraci, F. and Le Pera, L. and Morea, V. and Salerno, E. and Via, A. and Colombo, T.},
   title = {AI applications in functional genomics},
   journal = {Comput Struct Biotechnol J},
   volume = {19},
   pages = {5762-5790},
   ISSN = {2001-0370 (Print)
2001-0370 (Electronic)
2001-0370 (Linking)},
   DOI = {10.1016/j.csbj.2021.10.009},
   url = {https://www.ncbi.nlm.nih.gov/pubmed/34765093},
   year = {2021},
   type = {Journal Article}
}


@article{Prousalis2019,
   author = {Prousalis, K. and Konofaos, N.},
   title = {Alpha Quantum Pattern Recognition Method for Improving Pairwise Sequence Alignment},
   journal = {Sci Rep},
   volume = {9},
   number = {1},
   pages = {7226},
   ISSN = {2045-2322 (Electronic)
2045-2322 (Linking)},
   DOI = {10.1038/s41598-019-43697-3},
   url = {https://www.ncbi.nlm.nih.gov/pubmed/31076611},
   year = {2019},
   type = {Journal Article}
}


@article{Marigorta2018,
   author = {Marigorta, U. M. and Rodriguez, J. A. and Gibson, G. and Navarro, A.},
   title = {Replicability and Prediction: Lessons and Challenges from GWAS},
   journal = {Trends Genet},
   volume = {34},
   number = {7},
   pages = {504-517},
   ISSN = {0168-9525 (Print)
0168-9525 (Linking)},
   DOI = {10.1016/j.tig.2018.03.005},
   url = {https://www.ncbi.nlm.nih.gov/pubmed/29716745},
   year = {2018},
   type = {Journal Article}
}

@article{Wang_2021,
	doi = {10.1609/aaai.v35i11.17212},
  
	url = {https://doi.org/10.1609%2Faaai.v35i11.17212},
  
	year = 2021,
	month = {may},
  
	publisher = {Association for the Advancement of Artificial Intelligence (AAAI)},
  
	volume = {35},
  
	number = {11},
  
	pages = {10102--10110},
  
	author = {Daochen Wang and Xuchen You and Tongyang Li and Andrew M. Childs},
  
	title = {Quantum Exploration Algorithms for Multi-Armed Bandits},
  
	journal = {Proceedings of the {AAAI} Conference on Artificial Intelligence}
}

@article{Cornelissen2021,
  title={Quantum algorithms for multivariate Monte Carlo estimation},
  author={Arjan Cornelissen and Sofiene Jerbi},
      journal={arXiv preprint arXiv:2107.03410},
  url={https://arxiv.org/abs/2107.03410},
  year={2021}
}

@article{fingerhuth2018open,
  title={Open source software in quantum computing},
  author={Fingerhuth, Mark and Babej, Tom{\'a}{\v{s}} and Wittek, Peter},
  journal={PloS one},
  volume={13},
  number={12},
  pages={e0208561},
  year={2018},
  publisher={Public Library of Science San Francisco, CA USA}
}


@misc{tyler2021psiquantum,
  title={PsiQuantum and GF to Build Full-Scale Quantum Computer},
  author={Tyler, Neil},
  year={2021},
  publisher={MA Business London}
}

@inproceedings{cross2018ibm,
  title={The IBM Q experience and QISKit open-source quantum computing software},
  author={Cross, Andrew},
  booktitle={APS March meeting abstracts},
  volume={2018},
  pages={L58--003},
  year={2018}
}

@book{national2019quantum,
  title={Quantum computing: progress and prospects},
  author={Horowitz, Mark and Grumbling, Emily and  others},
  year={2019},
  publisher={the National Academies Press}
}
@article{srivatsan2020massively,
  title={Massively multiplex chemical transcriptomics at single-cell resolution},
  author={Srivatsan, Sanjay R and McFaline-Figueroa, Jos{\'e} L and Ramani, Vijay and Saunders, Lauren and Cao, Junyue and Packer, Jonathan and Pliner, Hannah A and Jackson, Dana L and Daza, Riza M and Christiansen, Lena and others},
  journal={Science},
  volume={367},
  number={6473},
  pages={45--51},
  year={2020},
  publisher={American Association for the Advancement of Science}
}



@article{volkoff2022strategies,
  title={Strategies for Variational Quantum Compiling of a Zero-Phase Beam Splitter on the Xanadu X8 Processor},
  author={Volkoff, Tyler J},
  journal={Journal of Russian Laser Research},
  volume={43},
  number={4},
  pages={448--458},
  year={2022},
  publisher={Springer}
}



@inproceedings{gaebler2019progress,
  title={Progress toward scalable quantum computing at honeywell quantum solutions},
  author={Gaebler, John and Bjork, Bryce and Stack, Dan and Swallows, Matthew and Fabrikant, Maya and Reed, Adam and Spaun, Ben and Pino, Juan and Dreiling, Joan and Figgatt, Caroline},
  booktitle={APS Division of Atomic, Molecular and Optical Physics Meeting Abstracts},
  volume={2019},
  pages={S01--103},
  year={2019}
}


@article{amico2019experimental,
  title={Experimental study of Shor's factoring algorithm using the IBM Q Experience},
  author={Amico, Mirko and Saleem, Zain H and Kumph, Muir},
  journal={Physical Review A},
  volume={100},
  number={1},
  pages={012305},
  year={2019},
  publisher={APS}
}

@inproceedings{monroe2021ionq,
  title={Ionq quantum computers: clear to scale},
  author={Monroe, Christopher},
  booktitle={APS March Meeting Abstracts},
  volume={2021},
  pages={P10--002},
  year={2021}
}



@article{rajkomar2018scalable,
  title={Scalable and accurate deep learning with electronic health records},
  author={Rajkomar, Alvin and Oren, Eyal and Chen, Kai and Dai, Andrew M and Hajaj, Nissan and Hardt, Michaela and Liu, Peter J and Liu, Xiaobing and Marcus, Jake and Sun, Mimi and others},
  journal={NPJ digital medicine},
  volume={1},
  number={1},
  pages={18},
  year={2018},
  publisher={Nature Publishing Group UK London}
}

@book{griffiths2018introduction,
  title={Introduction to quantum mechanics},
  author={Griffiths, David J and Schroeter, Darrell F},
  year={2018},
  publisher={Cambridge university press}
}

@article{mcardle2020quantum,
  title={Quantum computational chemistry},
  author={McArdle, Sam and Endo, Suguru and Aspuru-Guzik, Al{\'a}n and Benjamin, Simon C and Yuan, Xiao},
  journal={Reviews of Modern Physics},
  volume={92},
  number={1},
  pages={015003},
  year={2020},
  publisher={APS}
}


@article{motta_quantum_2023,
	title = {Quantum chemistry simulation of ground- and excited-state properties of the sulfonium cation on a superconducting quantum processor},
	volume = {14},
	issn = {2041-6539},
	url = {https://pubs.rsc.org/en/content/articlelanding/2023/sc/d2sc06019a},
	doi = {10.1039/D2SC06019A},
	abstract = {The computational description of correlated electronic structure, and particularly of excited states of many-electron systems, is an anticipated application for quantum devices. An important ramification is to determine the dominant molecular fragmentation pathways in photo-dissociation experiments of light-sensitive compounds, like sulfonium-based photo-acid generators used in photolithography. Here we simulate the static and dynamical electronic structure of the H3S+ molecule, taken as a minimal model of a triply-bonded sulfur cation, on a superconducting quantum processor of the IBM Falcon architecture. To this end, we generalize a qubit reduction technique termed entanglement forging or EF [A. Eddins et al., Phys. Rev. X Quantum, 2022, 3, 010309], currently restricted to the evaluation of ground-state energies, to the treatment of molecular properties. While in a conventional quantum simulation a qubit represents a spin-orbital, within EF a qubit represents a spatial orbital, reducing the number of required qubits by half. We combine the generalized EF with quantum subspace expansion [W. Colless et al., Phys. Rev. X, 2018, 8, 011021], a technique used to project the time-independent Schrodinger equation for ground- and excited-states in a subspace. To enable experimental demonstration of this algorithmic workflow, we deploy a sequence of error-mitigation techniques. We compute dipole structure factors and partial atomic charges along ground- and excited-state potential energy curves, revealing the occurrence of homo- and heterolytic fragmentation. This study is an important step towards the computational description of photo-dissociation on near-term quantum devices, as it can be generalized to other photodissociation processes and naturally extended in different ways to achieve more realistic simulations.},
	language = {en},
	number = {11},
	urldate = {2023-07-09},
	journal = {Chemical Science},
	author = {Motta, Mario and Jones, Gavin O. and Rice, Julia E. and Gujarati, Tanvi P. and Sakuma, Rei and Liepuoniute, Ieva and Garcia, Jeannette M. and Ohnishi, Yu-ya},
	month = mar,
	year = {2023},
	note = {Publisher: The Royal Society of Chemistry},
	pages = {2915--2927}
	,
}



@article{arute2019quantum,
  title={Quantum supremacy using a programmable superconducting processor},
  author={Arute, Frank and Arya, Kunal and Babbush, Ryan and Bacon, Dave and Bardin, Joseph C and Barends, Rami and Biswas, Rupak and Boixo, Sergio and Brandao, Fernando GSL and Buell, David A and others},
  journal={Nature},
  volume={574},
  number={7779},
  pages={505--510},
  year={2019},
  publisher={Nature Publishing Group}
}


@inproceedings{lloyd2010quantum,
  title={Quantum algorithm for solving linear systems of equations},
  author={Lloyd, Seth},
  booktitle={APS March Meeting Abstracts},
  volume={2010},
  pages={D4--002},
  year={2010}
}


@article{lloyd1996universal,
  title={Universal quantum simulators},
  author={Lloyd, Seth},
  journal={Science},
  volume={273},
  number={5278},
  pages={1073--1078},
  year={1996},
  publisher={American Association for the Advancement of Science}
}


@inproceedings{grover1996fast,
  title={A fast quantum mechanical algorithm for database search},
  author={Grover, Lov K},
  booktitle={Proceedings of the twenty-eighth annual ACM symposium on Theory of computing},
  pages={212--219},
  year={1996}
}


@inproceedings{shor1994algorithms,
  title={Algorithms for quantum computation: discrete logarithms and factoring},
  author={Shor, Peter W},
  booktitle={Proceedings 35th annual symposium on foundations of computer science},
  pages={124--134},
  year={1994},
  organization={Ieee}
}


@article{feynman1985quantum,
  title={Quantum mechanical computers},
  author={Feynman, Richard P},
  journal={Optics news},
  volume={11},
  number={2},
  pages={11--20},
  year={1985},
  publisher={Optica Publishing Group}
}



@article{chamberland2022building,
  title={Building a fault-tolerant quantum computer using concatenated cat codes},
  author={Chamberland, Christopher and Noh, Kyungjoo and Arrangoiz-Arriola, Patricio and Campbell, Earl T and Hann, Connor T and Iverson, Joseph and Putterman, Harald and Bohdanowicz, Thomas C and Flammia, Steven T and Keller, Andrew and others},
  journal={PRX Quantum},
  volume={3},
  number={1},
  pages={010329},
  year={2022},
  publisher={APS}
}


@article{martinis2021optimal,
  title={Optimal design of a superconducting transmon qubit with tapered wiring},
  author={Martinis, John M},
  journal={arXiv preprint arXiv:2104.01544},
  year={2021}
}

@article{popkin2016quest,
    author = {Gabriel Popkin },
    title = {Quest for qubits},
    journal = {Science},
    volume = {354},
    number = {6316},
    pages = {1090-1093},
    year = {2016},
    doi = {10.1126/science.354.6316.1090},
    URL = {https://www.science.org/doi/abs/10.1126/science.354.6316.1090},
    eprint = {https://www.science.org/doi/pdf/10.1126/science.354.6316.1090},
    abstract = {How small startups are vying with corporate behemoths for quantum supremacy. Building a quantum computer has gone from a far-off dream of a few university scientists to an immediate goal for some of the world's biggest companies. Tech giants Intel, Microsoft, IBM, and Google are all plowing tens of millions of dollars into quantum computing, which aims to harness quantum mechanics to vastly accelerate computation. Yet the contenders are betting on different technological horses: No one yet knows what type of quantum logic bit, or qubit, will power a practical quantum computer. Google, often considered the field's leader, has signaled its choice: tiny, superconducting circuits. Its group has built a nine-qubit machine and hopes to scale up to 49 within a year—an important threshold. At about 50 qubits, many say a quantum computer could achieve "quantum supremacy" and do something beyond the ken of a classical computer, such as simulating molecular structures in chemistry and materials science, or solving problems in cryptography. Small startup company ionQ, a decided underdog, is sticking with its preferred technology: trapped ions.}
    }

@article{stkechly2023connecting,
  title={Connecting the Hamiltonian structure to the QAOA energy and Fourier landscape structure},
  author={Stechly, Michal and Gao, Lanruo and Yogendran, Boniface and Fontana, Enrico and Rudolph, Manuel},
  journal={arXiv preprint arXiv:2305.13594},
  year={2023}
}


@article{dumitrescu2018cloud,
  title={Cloud quantum computing of an atomic nucleus},
  author={Dumitrescu, Eugene F and McCaskey, Alex J and Hagen, Gaute and Jansen, Gustav R and Morris, Titus D and Papenbrock, T and Pooser, Raphael C and Dean, David Jarvis and Lougovski, Pavel},
  journal={Physical review letters},
  volume={120},
  number={21},
  pages={210501},
  year={2018},
  publisher={APS}
}


@article{altman2021quantum,
  title={Quantum simulators: Architectures and opportunities},
  author={Altman, Ehud and Brown, Kenneth R and Carleo, Giuseppe and Carr, Lincoln D and Demler, Eugene and Chin, Cheng and DeMarco, Brian and Economou, Sophia E and Eriksson, Mark A and Fu, Kai-Mei C and others},
  journal={PRX Quantum},
  volume={2},
  number={1},
  pages={017003},
  year={2021},
  publisher={APS}
}


@article{tacchino2020quantum,
  title={Quantum computers as universal quantum simulators: state-of-the-art and perspectives},
  author={Tacchino, Francesco and Chiesa, Alessandro and Carretta, Stefano and Gerace, Dario},
  journal={Advanced Quantum Technologies},
  volume={3},
  number={3},
  pages={1900052},
  year={2020},
  publisher={Wiley Online Library}
}



@article{daley2022practical,
  title={Practical quantum advantage in quantum simulation},
  author={Daley, Andrew J and Bloch, Immanuel and Kokail, Christian and Flannigan, Stuart and Pearson, Natalie and Troyer, Matthias and Zoller, Peter},
  journal={Nature},
  volume={607},
  number={7920},
  pages={667--676},
  year={2022},
  publisher={Nature Publishing Group UK London}
}





@article{zhang2018learning,
  title={Learning for personalized medicine: a comprehensive review from a deep learning perspective},
  author={Zhang, Sushen and Bamakan, Seyed Mojtaba Hosseini and Qu, Qiang and Li, Sha},
  journal={IEEE reviews in biomedical engineering},
  volume={12},
  pages={194--208},
  year={2018},
  publisher={IEEE}
}

@article{cao2018potential,
  title={Potential of quantum computing for drug discovery},
  author={Cao, Yudong and Romero, Jhonathan and Aspuru-Guzik, Al{\'a}n},
  journal={IBM Journal of Research and Development},
  volume={62},
  number={6},
  pages={6--1},
  year={2018},
  publisher={IBM}
}



@article{gawehn2016deep,
  title={Deep learning in drug discovery},
  author={Gawehn, Erik and Hiss, Jan A and Schneider, Gisbert},
  journal={Molecular informatics},
  volume={35},
  number={1},
  pages={3--14},
  year={2016},
  publisher={Wiley Online Library}
}


@article{suzuki2017overview,
  title={Overview of deep learning in medical imaging},
  author={Suzuki, Kenji},
  journal={Radiological physics and technology},
  volume={10},
  number={3},
  pages={257--273},
  year={2017},
  publisher={Springer}
}


@article{reed2023hpc,
  title={HPC Forecast: Cloudy and Uncertain},
  author={Reed, Daniel and Gannon, Dennis and Dongarra, Jack},
  journal={Communications of the ACM},
  volume={66},
  number={2},
  pages={82--90},
  year={2023},
  publisher={ACM New York, NY, USA}
}

@article{alagoz2021effect,
  title={Effect of timing of and adherence to social distancing measures on COVID-19 burden in the United States: a simulation modeling approach},
  author={Alagoz, Oguzhan and Sethi, Ajay K and Patterson, Brian W and Churpek, Matthew and Safdar, Nasia},
  journal={Annals of internal medicine},
  volume={174},
  number={1},
  pages={50--57},
  year={2021},
  publisher={American College of Physicians}
}


@article{rais2011operations,
  title={Operations research in healthcare: a survey},
  author={Rais, Abdur and Viana, Ana},
  journal={International transactions in operational research},
  volume={18},
  number={1},
  pages={1--31},
  year={2011},
  publisher={Wiley Online Library}
}


@inproceedings{cherupalli2017bespoke,
  title={Bespoke processors for applications with ultra-low area and power constraints},
  author={Cherupalli, Hari and Duwe, Henry and Ye, Weidong and Kumar, Rakesh and Sartori, John},
  booktitle={Proceedings of the 44th Annual International Symposium on Computer Architecture},
  pages={41--54},
  year={2017}
}



@article{thompson2021deep,
  title={Deep learning's diminishing returns: The cost of improvement is becoming unsustainable},
  author={Thompson, Neil C and Greenewald, Kristjan and Lee, Keeheon and Manso, Gabriel F},
  journal={Ieee Spectrum},
  volume={58},
  number={10},
  pages={50--55},
  year={2021},
  publisher={IEEE}
}

@article{kim2023evidence,
  title={Evidence for the utility of quantum computing before fault tolerance},
  author={Kim, Youngseok and Eddins, Andrew and Anand, Sajant and Wei, Ken Xuan and Van Den Berg, Ewout and Rosenblatt, Sami and Nayfeh, Hasan and Wu, Yantao and Zaletel, Michael and Temme, Kristan and others},
  journal={Nature},
  volume={618},
  number={7965},
  pages={500--505},
  year={2023},
  publisher={Nature Publishing Group UK London}
}


@article{madden2022best,
  title={Best approximate quantum compiling problems},
  author={Madden, Liam and Simonetto, Andrea},
  journal={ACM Transactions on Quantum Computing},
  volume={3},
  number={2},
  pages={1--29},
  year={2022},
  publisher={ACM New York, NY}
}
@article{sams2005target,
  title={Target-based drug discovery: is something wrong?},
  author={Sams-Dodd, Frank},
  journal={Drug discovery today},
  volume={10},
  number={2},
  pages={139--147},
  year={2005},
  publisher={Elsevier}
}
@article{moffat2017opportunities,
  title={Opportunities and challenges in phenotypic drug discovery: an industry perspective},
  author={Moffat, John G and Vincent, Fabien and Lee, Jonathan A and Eder, J{\"o}rg and Prunotto, Marco},
  journal={Nature reviews Drug discovery},
  volume={16},
  number={8},
  pages={531--543},
  year={2017},
  publisher={Nature Publishing Group UK London}
}

@article{gidney2021factor,
  title={How to factor 2048 bit RSA integers in 8 hours using 20 million noisy qubits},
  author={Gidney, Craig and Eker{\aa}, Martin},
  journal={Quantum},
  volume={5},
  pages={433},
  year={2021},
  publisher={Verein zur F{\"o}rderung des Open Access Publizierens in den Quantenwissenschaften}
}


@article{gottesman2022opportunities,
  title={Opportunities and Challenges in Fault-Tolerant Quantum Computation},
  author={Gottesman, Daniel},
  journal={arXiv preprint arXiv:2210.15844},
  year={2022}
}


@article{kim2023recent,
  title={Recent progress and challenges in error mitigation with fixed-frequency superconducting quantum processors},
  author={Kim, Youngseok and Eddins, Andrew and Berg, Ewout and Wei, Ken and Bravyy, Sergey and Temme, Kristan and Kandala, Abhinav},
  journal={Bulletin of the American Physical Society},
  year={2023},
  publisher={APS}
}

@article{fitzpatrick2022selfconsistent,
      title={A self-consistent field approach for the variational quantum eigensolver: orbital optimization goes adaptive}, 
      author={Aaron Fitzpatrick and Anton Nykänen and N. Walter Talarico and Alessandro Lunghi and Sabrina Maniscalco and Guillermo García-Pérez and Stefan Knecht},
      year={2022},
      eprint={2212.11405},
      journal={arXiv preprint arXiv:2212.11405},
      archivePrefix={arXiv},
      primaryClass={quant-ph}
}

@article{cai2022quantum,
  title={Quantum error mitigation},
  author={Cai, Zhenyu and Babbush, Ryan and Benjamin, Simon C and Endo, Suguru and Huggins, William J and Li, Ying and McClean, Jarrod R and O'Brien, Thomas E},
  journal={arXiv preprint arXiv:2210.00921},
  year={2022}
}

@book{Manin2023-fz,
  title    = {Mathematics as metaphor: Selected essays of Yuri I. manin},
  author   = {Manin, Yuri I},
  abstract = {The book includes fifteen essays and an interview. The essays are
              grouped in three parts: Mathematics; Mathematics and Physics; and
              Language, Consciousness, and Book reviews. Most of the essays are
              about some aspects of epistemology and the history of sciences,
              mainly mathematics, physics, and the history of language. English
              translations of some of the essays, originally published in
              Russian, appear for the first time in this selection. One of them
              is the introduction to the book Computable and Uncomputable,
              where the idea of a quantum computer was first proposed in 1980.
              Another is an essay on the mythological trickster figure, where
              the evolutionary role of manipulative behavior is discussed in
              connection with the problem of the origin of human language. With
              the foreword by Freeman Dyson, this book will be of interest to
              anyone interested in the philosophy and history of mathematics,
              physics, and linguistics.},
  year     =  {2023},
  language = {en},
  publisher = {American Mathematical Society}
}


@article{Barkoutsos2021,
   author = {Barkoutsos, P. K. and Gkritsis, F. and Ollitrault, P. J. and Sokolov, I. O. and Woerner, S. and Tavernelli, I.},
   title = {Quantum algorithm for alchemical optimization in material design},
   journal = {Chem Sci},
   volume = {12},
   number = {12},
   pages = {4345-4352},
   ISSN = {2041-6520 (Print)
2041-6539 (Electronic)
2041-6520 (Linking)},
   DOI = {10.1039/d0sc05718e},
   url = {https://www.ncbi.nlm.nih.gov/pubmed/34163697},
   year = {2021},
   type = {Journal Article}
}


@article{wack2021quality,
  title={Quality, Speed, and Scale: three key attributes to measure the performance of near-term quantum computers}, 
  author={Andrew Wack and Hanhee Paik and Ali Javadi-Abhari and Petar Jurcevic and Ismael Faro and Jay M. Gambetta and Blake R. Johnson},
  year={2021},
  journal={arXiv preprint arXiv:2110.14108},
  eprint={2110.14108},
  archivePrefix={arXiv},
  primaryClass={quant-ph}
}

@article{gonzalez2021cloud,
  title={Cloud based qc with amazon braket},
  author={Gonzalez, Constantin},
  journal={Digitale Welt},
  volume={5},
  pages={14--17},
  year={2021},
  publisher={Springer}
}


@software{jbelarge_2023_7871532,
  author       = {jbelarge and
                  zmorrell and
                  elenewski},
  title        = {isi-usc-edu/pyLIQTR: pyLIQTR\_v0.3.1},
  month        = apr,
  year         = 2023,
  publisher    = {Zenodo},
  version      = {v0.3.1},
  doi          = {10.5281/zenodo.7871532},
  url          = {https://doi.org/10.5281/zenodo.7871532}
}

@misc{hancockcirq,
  author       = {Cirq Developers},
  title        = {Cirq},
  month        = dec,
  year         = 2022,
  note         = {{See full list of authors on Github: https://github 
                   .com/quantumlib/Cirq/graphs/contributors}},
  publisher    = {Zenodo},
  version      = {v1.1.0},
  doi          = {10.5281/zenodo.7465577},
  url          = {https://doi.org/10.5281/zenodo.7465577}
}

@article{bergholm2018pennylane,
  title={Pennylane: Automatic differentiation of hybrid quantum-classical computations},
  author={Bergholm, Ville and Izaac, Josh and Schuld, Maria and Gogolin, Christian and Ahmed, Shahnawaz and Ajith, Vishnu and Alam, M Sohaib and Alonso-Linaje, Guillermo and AkashNarayanan, B and Asadi, Ali and others},
  journal={arXiv preprint arXiv:1811.04968},
  year={2018}
}


@misc{computing2019pyquil,
  title={Pyquil documentation},
  author={Computing, Rigetti},
  howpublished = {\url{http://pyquil. readthedocs. io/en/latest}},
  pages={64--65},
  year={2019}
}


@article{dimeglio2023quantum,
      title={Quantum Computing for High-Energy Physics: State of the Art and Challenges. Summary of the QC4HEP Working Group}, 
      author={Alberto Di Meglio and Karl Jansen and Ivano Tavernelli and Constantia Alexandrou and Srinivasan Arunachalam and Christian W. Bauer and Kerstin Borras and Stefano Carrazza and Arianna Crippa and Vincent Croft and Roland de Putter and Andrea Delgado and Vedran Dunjko and Daniel J. Egger and Elias Fernandez-Combarro and Elina Fuchs and Lena Funcke and Daniel Gonzalez-Cuadra and Michele Grossi and Jad C. Halimeh and Zoe Holmes and Stefan Kuhn and Denis Lacroix and Randy Lewis and Donatella Lucchesi and Miriam Lucio Martinez and Federico Meloni and Antonio Mezzacapo and Simone Montangero and Lento Nagano and Voica Radescu and Enrique Rico Ortega and Alessandro Roggero and Julian Schuhmacher and Joao Seixas and Pietro Silvi and Panagiotis Spentzouris and Francesco Tacchino and Kristan Temme and Koji Terashi and Jordi Tura and Cenk Tuysuz and Sofia Vallecorsa and Uwe-Jens Wiese and Shinjae Yoo and Jinglei Zhang},
      year={2023},
      eprint={2307.03236},
      archivePrefix={arXiv},
      primaryClass={quant-ph}
}

@article{motta2022emerging,
  title={Emerging quantum computing algorithms for quantum chemistry},
  author={Motta, Mario and Rice, Julia E},
  journal={Wiley Interdisciplinary Reviews: Computational Molecular Science},
  volume={12},
  number={3},
  pages={e1580},
  year={2022},
  publisher={Wiley Online Library}
}


@article{havlivcek2019supervised,
  title={Supervised learning with quantum-enhanced feature spaces},
  author={Havl{\'\i}{\v{c}}ek, Vojt{\v{e}}ch and C{\'o}rcoles, Antonio D and Temme, Kristan and Harrow, Aram W and Kandala, Abhinav and Chow, Jerry M and Gambetta, Jay M},
  journal={Nature},
  volume={567},
  number={7747},
  pages={209--212},
  year={2019},
  publisher={Nature Publishing Group UK London}
}



@article{krunic2022quantum,
  title={Quantum kernels for real-world predictions based on electronic health records},
  author={Krunic, Zoran and Fl{\"o}ther, Frederik F and Seegan, George and Earnest-Noble, Nathan D and Shehab, Omar},
  journal={IEEE Transactions on Quantum Engineering},
  volume={3},
  pages={1--11},
  year={2022},
  publisher={IEEE}
}


@article{baek2021accurate,
  title={Accurate prediction of protein structures and interactions using a three-track neural network},
  author={Baek, Minkyung and DiMaio, Frank and Anishchenko, Ivan and Dauparas, Justas and Ovchinnikov, Sergey and Lee, Gyu Rie and Wang, Jue and Cong, Qian and Kinch, Lisa N and Schaeffer, R Dustin and others},
  journal={Science},
  volume={373},
  number={6557},
  pages={871--876},
  year={2021},
  publisher={American Association for the Advancement of Science}
}

@article{buttner2015x,
  title={X-ray crystallography and its impact on understanding bacterial cell wall remodeling processes},
  author={B{\"u}ttner, Felix Michael and Renner-Schneck, Michaela and Stehle, Thilo},
  journal={International Journal of Medical Microbiology},
  volume={305},
  number={2},
  pages={209--216},
  year={2015},
  publisher={Elsevier}
}


@article{kiss2022quantum,
  title = {Quantum neural networks force fields generation},
	url = {http://arxiv.org/abs/2203.04666},
	abstract = {Accurate molecular force fields are of paramount importance for the efficient implementation of molecular dynamics techniques at large scales. In the last decade, machine learning methods have demonstrated impressive performances in predicting accurate values for energy and forces when trained on finite size ensembles generated with ab initio techniques. At the same time, quantum computers have recently started to offer new viable computational paradigms to tackle such problems. On the one hand, quantum algorithms may notably be used to extend the reach of electronic structure calculations. On the other hand, quantum machine learning is also emerging as an alternative and promising path to quantum advantage. Here we follow this second route and establish a direct connection between classical and quantum solutions for learning neural network potentials. To this end, we design a quantum neural network architecture and apply it successfully to different molecules of growing complexity. The quantum models exhibit larger effective dimension with respect to classical counterparts and can reach competitive performances, thus pointing towards potential quantum advantages in natural science applications via quantum machine learning.},
	urldate = {2022-03-20},
	journal = {arXiv:2203.04666 [physics, physics:quant-ph]},
	author = {Kiss, Oriel and Tacchino, Francesco and Vallecorsa, Sofia and Tavernelli, Ivano},
	month = mar,
	year = {2022},
	note = {arXiv: 2203.04666},
	keywords = {Computer Science - Machine Learning, Physics - Computational Physics, Quantum Physics, Physics - Chemical Physics},
	annote = {Comment: 12 pages, 7 figures},
}

@article{cheng2022fastfold,
  title={FastFold: Reducing AlphaFold Training Time from 11 Days to 67 Hours},
  author={Cheng, Shenggan and Wu, Ruidong and Yu, Zhongming and Li, Binrui and Zhang, Xiwen and Peng, Jian and You, Yang},
  journal={arXiv preprint arXiv:2203.00854},
  year={2022}
}

@article{platt_character2016,
   author = {Platt, D. E. and Basu, S. and Zalloua, P. A. and Parida, L.},
   title = {Characterizing redescriptions using persistent homology to isolate genetic pathways contributing to pathogenesis},
   journal = {BMC Syst Biol},
   volume = {10 Suppl 1},
   number = {Suppl 1},
   pages = {10},
   ISSN = {1752-0509 (Electronic)
1752-0509 (Linking)},
   DOI = {10.1186/s12918-015-0251-2},
   url = {https://www.ncbi.nlm.nih.gov/pubmed/26819062},
   year = {2016},
   type = {Journal Article}
}


@article{seabolt2020ibm,
  title={IBM functional genomics platform, a cloud-based platform for studying microbial life at scale},
  author={Seabolt, Edward E and Nayar, Gowri and Krishnareddy, Harsha and Agarwal, Akshay and Beck, Kristen L and Terrizzano, Ignacio and Kandogan, Eser and Kunitomi, Mark and Roth, Mary and Mukherjee, Vandana and others},
  journal={IEEE/ACM Transactions on Computational Biology and Bioinformatics},
  year={2020},
  publisher={IEEE}
}


@article{dhingra2020glance,
  title={A glance into the evolution of template-free protein structure prediction methodologies},
  author={Dhingra, Surbhi and Sowdhamini, Ramanathan and Cadet, Fr{\'e}d{\'e}ric and Offmann, Bernard},
  journal={Biochimie},
  volume={175},
  pages={85--92},
  year={2020},
  publisher={Elsevier}
}





@article{miyazawa1996residue,
  title={Residue--residue potentials with a favorable contact pair term and an unfavorable high packing density term, for simulation and threading},
  author={Miyazawa, Sanzo and Jernigan, Robert L},
  journal={Journal of molecular biology},
  volume={256},
  number={3},
  pages={623--644},
  year={1996},
  publisher={Elsevier}
}

@article{Kryshtafovych2021,
  doi = {10.1002/prot.26237},
  url = {https://doi.org/10.1002/prot.26237},
  year = {2021},
  month = oct,
  publisher = {Wiley},
  volume = {89},
  number = {12},
  pages = {1607--1617},
  author = {Andriy Kryshtafovych and Torsten Schwede and Maya Topf and Krzysztof Fidelis and John Moult},
  title = {Critical assessment of methods of protein structure prediction ({CASP}){\textemdash}Round
		            $\less$scp$\greater${XIV}$\less$/scp$\greater$},
  journal = {Proteins: Structure,  Function,  and Bioinformatics}
}

@article{series2015imt,
  title={IMT Vision--Framework and overall objectives of the future development of IMT for 2020 and beyond},
  author={Series, M},
  journal={Recommendation ITU},
  volume={2083},
  pages={0},
  year={2015},
  publisher={Electronic Publication Geneva, Switzerland}
}


@article{akhtar2020shift,
  title={The shift to 6G communications: vision and requirements},
  author={Akhtar, Muhammad Waseem and Hassan, Syed Ali and Ghaffar, Rizwan and Jung, Haejoon and Garg, Sahil and Hossain, M Shamim},
  journal={Human-centric Computing and Information Sciences},
  volume={10},
  number={1},
  pages={1--27},
  year={2020},
  publisher={Springer}
}

@incollection{kim2019leveraging,
  title={Leveraging quantum annealing for large MIMO processing in centralized radio access networks},
  author={Kim, Minsung and Venturelli, Davide and Jamieson, Kyle},
  booktitle={Proceedings of the ACM Special Interest Group on Data Communication},
  pages={241--255},
  year={2019}
}


@article{pandey2022tensor,
  title={The Tensor Multi-Linear Channel and Its Shannon Capacity},
  author={Pandey, Divyanshu and Leib, Harry},
  journal={IEEE Access},
  volume={10},
  pages={34907--34944},
  year={2022},
  publisher={IEEE}
}


@inproceedings{singh2020thz,
  title={THz communications-a boon and/or bane for security, privacy, and national security},
  author={Singh, Rohit and Sicker, Douglas},
  booktitle={TPRC48: The 48th Research Conference on Communication, Information and Internet Policy},
  year={2020}
}

@inproceedings{ribeiro2020low,
  title={Low-complexity massive MIMO tensor precoding},
  author={Ribeiro, Lucas N and Schwarz, Stefan and de Almeida, Andr{\'e} LF and Haardt, Martin},
  booktitle={2020 54th Asilomar Conference on Signals, Systems, and Computers},
  pages={348--355},
  year={2020},
  organization={IEEE}
}





@article{workbench2015blast2go,
  title={Blast2GO PRO Plug-in User Manual},
  author={Workbench, Main},
  year={2015}
}

@article{cheng20225g,
  title={5G network deployment and the associated energy consumption in the UK: A complex systems’ exploration},
  author={Cheng, Xiaoyuan and Hu, Yukun and Varga, Liz},
  journal={Technological Forecasting and Social Change},
  volume={180},
  pages={121672},
  year={2022},
  publisher={Elsevier}
}

@article{jeon2019economic,
  title={Economic burden of lung cancer: A retrospective cohort study in South Korea, 2002-2015},
  author={Jeon, Soo Min and Kwon, Jin-Won and Choi, Sun Ha and Park, Hae-Young},
  journal={PLoS One},
  volume={14},
  number={2},
  pages={e0212878},
  year={2019},
  publisher={Public Library of Science San Francisco, CA USA}
}

@article{lloyd2020quantum,
  title={Quantum algorithm for nonlinear differential equations},
  author={Lloyd, Seth and De Palma, Giacomo and Gokler, Can and Kiani, Bobak and Liu, Zi-Wen and Marvian, Milad and Tennie, Felix and Palmer, Tim},
  journal={arXiv preprint arXiv:2011.06571},
  year={2020}
}

@misc{cdc-chronic,
  title = {
Health and Economic Costs of Chronic Diseases},
  howpublished = {\url{https://www.cdc.gov/chronicdisease/about/costs/index.htm}},
  note = {Accessed: 2022-11-28}
}


@misc{covid-gdp,
  title = {
The Global Economic Outlook During the COVID-19 Pandemic: A Changed World},
  howpublished = {\url{https://www.worldbank.org/en/news/feature/2020/06/08/the-global-economic-outlook-during-the-covid-19-pandemic-a-changed-world}},
  note = {Accessed: 2022-11-28}
}

@misc{guide-small-cell,
  title = {
A guide to 5G small cells and macrocells},
  howpublished = {\url{https://www.essentracomponents.com/en-us/news/industries/telecoms-data/a-guide-to-5g-small-cells-and-macrocells}},
  note = {Accessed: 2022-11-28}
}
@book{villani2009optimal,
  title={Optimal transport: old and new},
  author={Villani, C{\'e}dric and others},
  volume={338},
  year={2009},
  publisher={Springer}
}
@article{cuturi2013sinkhorn,
  title={Sinkhorn distances: Lightspeed computation of optimal transport},
  author={Cuturi, Marco},
  journal={Advances in neural information processing systems},
  volume={26},
  year={2013}
}
@article{peyre2019computational,
  title={Computational optimal transport: With applications to data science},
  author={Peyr{\'e}, Gabriel and Cuturi, Marco and others},
  journal={Foundations and Trends{\textregistered} in Machine Learning},
  volume={11},
  number={5-6},
  pages={355--607},
  year={2019},
  publisher={Now Publishers, Inc.}
}

@article{roehrborn2011economic,
  title={The economic burden of prostate cancer},
  author={Roehrborn, Claus G and Black, Libby K},
  journal={BJU international},
  volume={108},
  number={6},
  pages={806--813},
  year={2011},
  publisher={Wiley Online Library}
}
@article{gehring2020highly,
  title={Highly multiplexed single-cell RNA-seq by DNA oligonucleotide tagging of cellular proteins},
  author={Gehring, Jase and Hwee Park, Jong and Chen, Sisi and Thomson, Matthew and Pachter, Lior},
  journal={Nature biotechnology},
  volume={38},
  number={1},
  pages={35--38},
  year={2020},
  publisher={Nature Publishing Group US New York}
}
@article{norman2019exploring,
  title={Exploring genetic interaction manifolds constructed from rich single-cell phenotypes},
  author={Norman, Thomas M and Horlbeck, Max A and Replogle, Joseph M and Ge, Alex Y and Xu, Albert and Jost, Marco and Gilbert, Luke A and Weissman, Jonathan S},
  journal={Science},
  volume={365},
  number={6455},
  pages={786--793},
  year={2019},
  publisher={American Association for the Advancement of Science}
}
@article{lotfollahi2019scgen,
  title={scGen predicts single-cell perturbation responses},
  author={Lotfollahi, Mohammad and Wolf, F Alexander and Theis, Fabian J},
  journal={Nature methods},
  volume={16},
  number={8},
  pages={715--721},
  year={2019},
  publisher={Nature Publishing Group US New York}
}
@inproceedings{
bunne2022supervised,
title={Supervised Training of Conditional Monge Maps},
author={Charlotte Bunne and Andreas Krause and marco cuturi},
booktitle={Advances in Neural Information Processing Systems},
editor={Alice H. Oh and Alekh Agarwal and Danielle Belgrave and Kyunghyun Cho},
year={2022},
url={https://openreview.net/forum?id=sPNtVVUq7wi}
}


@misc{cdcbreast,
  title = {The Health and Economic Benefits of Breast Cancer Interventions},
  howpublished = {\url{https://www.cdc.gov/chronicdisease/programs-impact/pop/breast-cancer.htm}},
  note = {Accessed: 2022-11-28}
}

@misc{cdcthromb,
  title = {Impact of Blood Clots on the United States},
  howpublished = {\url{https://www.cdc.gov/ncbddd/dvt/infographic-impact.html}},
  note = {Accessed: 2022-11-28}
}

@misc{interproscan,
  title = {About InterPro},
  howpublished = {\url{https://www.ebi.ac.uk/interpro/about/interpro/}},
  note = {Accessed: 2022-11-28}
}

@misc{tdsprot,
  title = {A Summary of DeepMind’s Protein Folding Upset at CASP13 | Exxact Blog},
  howpublished = {\url{https://towardsdatascience.com/a-summary-of-deepminds-protein-folding-upset-at-casp13-exxact-blog-f13a08316573}},
  note = {Accessed: 2022-11-28}
}

@misc{algorithmiqAurora,
  title = {Algorithmiq's platform for drug discovery with quantum computers},
  howpublished = {\url{https://algorithmiq.fi/news/quantum-computing-aurora-launch}},
  note = {Accessed: 2023-17-05}
}

@misc{RosettaCommons,
  title = {Rosetta Commons},
  howpublished = {\url{https://www.rosettacommons.org/}},
  note = {Accessed: 2022-11-28}
}

@misc{Rosettahome,
  title = {Rosetta@home},
  howpublished = {\url{https://boinc.bakerlab.org/}},
  note = {Accessed: 2022-11-28}
}


@article{pan2021recent,
  title={Recent advances in de novo protein design: Principles, methods, and applications},
  author={Pan, Xingjie and Kortemme, Tanja},
  journal={Journal of Biological Chemistry},
  volume={296},
  year={2021},
  publisher={ASBMB}
}


@article{lee2022comparative,
  title={Comparative studies of AlphaFold, RoseTTAFold and Modeller: a case study involving the use of G-protein-coupled receptors},
  author={Lee, Chien and Su, Bo-Han and Tseng, Yufeng Jane},
  journal={Briefings in Bioinformatics},
  volume={23},
  number={5},
  pages={bbac308},
  year={2022},
  publisher={Oxford University Press}
}


@article{tunyasuvunakool2021highly,
  title={Highly accurate protein structure prediction for the human proteome},
  author={Tunyasuvunakool, Kathryn and Adler, Jonas and Wu, Zachary and Green, Tim and Zielinski, Michal and {\v{Z}}{\'\i}dek, Augustin and Bridgland, Alex and Cowie, Andrew and Meyer, Clemens and Laydon, Agata and others},
  journal={Nature},
  volume={596},
  number={7873},
  pages={590--596},
  year={2021},
  publisher={Nature Publishing Group}
}


@article{handel2020simulation,
  title={Simulation modelling for immunologists},
  author={Handel, Andreas and La Gruta, Nicole L and Thomas, Paul G},
  journal={Nature Reviews Immunology},
  volume={20},
  number={3},
  pages={186--195},
  year={2020},
  publisher={Nature Publishing Group}
}


@incollection{lee2017ab,
  title={Ab initio protein structure prediction},
  author={Lee, Jooyoung and Freddolino, Peter L and Zhang, Yang},
  booktitle={From protein structure to function with bioinformatics},
  pages={3--35},
  year={2017},
  publisher={Springer}
}

@article{khatami2022gate,
  title={Gate-based quantum computing for protein design},
  author={Khatami, Mohammad Hassan and Mendes, Udson C and Wiebe, Nathan and Kim, Philip M},
  journal={arXiv preprint arXiv:2201.12459},
  year={2022}
}


@article{mulligan2019designing,
  title={Designing peptides on a quantum computer},
  author={Mulligan, Vikram Khipple and Melo, Hans and Merritt, Haley Irene and Slocum, Stewart and Weitzner, Brian D and Watkins, Andrew M and Renfrew, P Douglas and Pelissier, Craig and Arora, Paramjit S and Bonneau, Richard},
  journal={BioRxiv},
  pages={752485},
  year={2019},
  publisher={Cold Spring Harbor Laboratory}
}





@article{robert2021resource,
  title={Resource-efficient quantum algorithm for protein folding},
  author={Robert, Anton and Barkoutsos, Panagiotis Kl and Woerner, Stefan and Tavernelli, Ivano},
  journal={npj Quantum Information},
  volume={7},
  number={1},
  pages={38},
  year={2021},
  publisher={Nature Publishing Group UK London}
}





@article{jumper2021highly,
  title={Highly accurate protein structure prediction with AlphaFold},
  author={Jumper, John and Evans, Richard and Pritzel, Alexander and Green, Tim and Figurnov, Michael and Ronneberger, Olaf and Tunyasuvunakool, Kathryn and Bates, Russ and {\v{Z}}{\'\i}dek, Augustin and Potapenko, Anna and others},
  journal={Nature},
  volume={596},
  number={7873},
  pages={583--589},
  year={2021},
  publisher={Nature Publishing Group}
}


@article{wu2022long,
  title={Long-term Medical Resource Consumption of Radical Prostatectomy versus Intensity-Modulated Radiotherapy for Old Patients with Prostate Cancer: A Nationwide Population-Based Cohort Study},
  author={Wu, Szu-Yuan and Pharm, Fransisca Fortunata Effendi and Peng, Jhao Yang and Huang, Chung-Chien and others},
  journal={Frontiers in Medicine},
  pages={1301},
  year={2022},
  publisher={Frontiers}
}


@article{prem2020effect,
  title={The effect of control strategies to reduce social mixing on outcomes of the COVID-19 epidemic in Wuhan, China: a modelling study},
  author={Prem, Kiesha and Liu, Yang and Russell, Timothy W and Kucharski, Adam J and Eggo, Rosalind M and Davies, Nicholas and Flasche, Stefan and Clifford, Samuel and Pearson, Carl AB and Munday, James D and others},
  journal={The Lancet Public Health},
  volume={5},
  number={5},
  pages={e261--e270},
  year={2020},
  publisher={Elsevier}
}


@article{lewis2021modeling,
  title={Modeling the dynamics of within-host viral infection and evolution predicts quasispecies distributions and phase boundaries separating distinct classes of infections},
  author={Lewis, Greyson R and Marshall, Wallace F and Jones, Barbara A},
  journal={bioRxiv},
  year={2021},
  publisher={Cold Spring Harbor Laboratory}
}


@article{lwin2022comparative,
  title={Comparative efficacy of antiviral strategies targeting different stages of the viral life cycle: A viral quasispecies dynamics study},
  author={Lwin, Pancy and Das, Moumita and Jones, Barbara A},
  journal={bioRxiv},
  year={2022},
  publisher={Cold Spring Harbor Laboratory}
}


@article{du2021tensor,
  title={Tensor-Based Joint Channel Estimation and Symbol Detection for Time-Varying mmWave Massive MIMO Systems},
  author={Du, Jianhe and Han, Meng and Chen, Yuanzhi and Jin, Libiao and Gao, Feifei},
  journal={IEEE Transactions on Signal Processing},
  volume={69},
  pages={6251--6266},
  year={2021},
  publisher={IEEE}
}

@article{ma2021model,
  title={Model-driven deep learning based channel estimation and feedback for millimeter-wave massive hybrid MIMO systems},
  author={Ma, Xisuo and Gao, Zhen and Gao, Feifei and Di Renzo, Marco},
  journal={IEEE Journal on Selected Areas in Communications},
  volume={39},
  number={8},
  pages={2388--2406},
  year={2021},
  publisher={IEEE}
}

@article{chen2021tensor,
  title={Tensor decompositions in wireless communications and MIMO radar},
  author={Chen, Hongyang and Ahmad, Fauzia and Vorobyov, Sergiy and Porikli, Fatih},
  journal={IEEE Journal of Selected Topics in Signal Processing},
  volume={15},
  number={3},
  pages={438--453},
  year={2021},
  publisher={IEEE}
}

 @misc{wirelessTechnology, title={Qualcomm Snapdragon mobile platforms, processors, modems and chipsets: Qualcomm}, url={https://www.qualcomm.com/snapdragon}, journal={Wireless Technology &amp; Innovation}} 

@article{araujo2019tensor,
  title={Tensor-based channel estimation for massive MIMO-OFDM systems},
  author={Ara{\'u}jo, Daniel Costa and De Almeida, Andre LF and Da Costa, Jo{\~a}o PCL and de Sousa, Rafael T},
  journal={IEEE Access},
  volume={7},
  pages={42133--42147},
  year={2019},
  publisher={IEEE}
}

@article{qian2018tensor,
  title={Tensor-based channel estimation for dual-polarized massive MIMO systems},
  author={Qian, Cheng and Fu, Xiao and Sidiropoulos, Nicholas D and Yang, Ye},
  journal={IEEE Transactions on Signal Processing},
  volume={66},
  number={24},
  pages={6390--6403},
  year={2018},
  publisher={IEEE}
}

@article{zhang2022data,
  title={Data augmentation empowered neural precoding for multiuser MIMO with MMSE model},
  author={Zhang, Shaoqing and Xu, Jindan and Xu, Wei and Wang, Ning and Ng, Derrick Wing Kwan and You, Xiaohu},
  journal={IEEE Communications Letters},
  volume={26},
  number={5},
  pages={1037--1041},
  year={2022},
  publisher={IEEE}
}

@inproceedings{pandey2021tensor,
  title={A Tensor based Precoder and Receiver for MIMO GFDM systems},
  author={Pandey, Divyanshu and Leib, Harry},
  booktitle={ICC 2021-IEEE International Conference on Communications},
  pages={1--6},
  year={2021},
  organization={IEEE}
}







@article{moore2019financial,
  title={The financial impact of hypofractionated radiation for localized prostate cancer in the United States},
  author={Moore, Assaf and Stav, Ido and Den, Robert B and Gordon, Noa and Sarfaty, Michal and Neiman, Victoria and Rosenbaum, Eli and Goldstein, Daniel A},
  journal={Journal of Oncology},
  volume={2019},
  year={2019},
  publisher={Hindawi}
}



@inproceedings{sun2017novel,
  title={A novel millimeter-wave channel simulator and applications for 5G wireless communications},
  author={Sun, Shu and MacCartney, George R and Rappaport, Theodore S},
  booktitle={2017 IEEE International Conference on Communications (ICC)},
  pages={1--7},
  year={2017},
  organization={IEEE}
}

@inproceedings{assalini2009linear,
  title={Linear MMSE MIMO channel estimation with imperfect channel covariance information},
  author={Assalini, Antonio and Dall'Anese, Emiliano and Pupolin, Silvano},
  booktitle={2009 IEEE International Conference on Communications},
  pages={1--5},
  year={2009},
  organization={IEEE}
}



 @misc{alleven_2021, title={C-band's first phase tops charts with \$80.9B}, url={https://www.fiercewireless.com/regulatory/c-band-clock-phase-auction-tops-charts-80-9b}, journal={Fierce Wireless}, author={Alleven, Monica}, year={2021}, month={Jan}} 
 
  @misc{6g-market, title={6G Market Size, Share & Trends Analysis Report
}, url={https://brandessenceresearch.com/technology-and-media/g-market-growth},  year={2022}, month={Dec}} 



@article{hastings2020classical,
  title={Classical and quantum algorithms for tensor principal component analysis},
  author={Hastings, Matthew B},
  journal={Quantum},
  volume={4},
  pages={237},
  year={2020},
  publisher={Verein zur F{\"o}rderung des Open Access Publizierens in den Quantenwissenschaften}
}


@article{bjornson2016massive,
  title={Massive MIMO: Ten myths and one critical question},
  author={Bj{\"o}rnson, Emil and Larsson, Erik G and Marzetta, Thomas L},
  journal={IEEE Communications Magazine},
  volume={54},
  number={2},
  pages={114--123},
  year={2016},
  publisher={IEEE}
}

@article{dykman2011gold,
  title={Gold nanoparticles in biology and medicine: recent advances and prospects},
  author={Dykman, LA and Khlebtsov, NG},
  journal={Acta Naturae (англоязычная версия)},
  volume={3},
  number={2 (9)},
  pages={34--55},
  year={2011},
  publisher={Общество с ограниченной ответственностью Парк-медиа}
}


@article{van2021gold,
  title={Gold Nanoclusters: Imaging, Therapy, and Theranostic Roles in Biomedical Applications},
  author={van de Looij, Sanne M and Hebels, Erik R and Viola, Martina and Hembury, Mathew and Oliveira, Sabrina and Vermonden, Tina},
  journal={Bioconjugate chemistry},
  volume={33},
  number={1},
  pages={4--23},
  year={2021},
  publisher={ACS Publications}
}

@article{macdonell2022predicting,
  title={Predicting molecular vibronic spectra using time-domain analog quantum simulation},
  author={MacDonell, Ryan J and Navickas, Tomas and Wohlers-Reichel, Tim F and Valahu, Christophe H and Rao, Arjun D and Millican, Maverick J and Currington, Michael A and Biercuk, Michael J and Tan, Ting Rei and Hempel, Cornelius and others},
  journal={arXiv preprint arXiv:2209.06558},
  year={2022}
}

@article{ollitrault2020hardware,
  title={Hardware efficient quantum algorithms for vibrational structure calculations},
  author={Ollitrault, Pauline J and Baiardi, Alberto and Reiher, Markus and Tavernelli, Ivano},
  journal={Chemical science},
  volume={11},
  number={26},
  pages={6842--6855},
  year={2020},
  publisher={Royal Society of Chemistry}
}


@article{kenzler2021metalloid,
  title={Metalloid gold clusters--past, current and future aspects},
  author={Kenzler, Sebastian and Schnepf, Andreas},
  journal={Chemical Science},
  volume={12},
  number={9},
  pages={3116--3129},
  year={2021},
  publisher={Royal Society of Chemistry}
}


@article{sardar2009gold,
  title={Gold nanoparticles: past, present, and future},
  author={Sardar, Rajesh and Funston, Alison M and Mulvaney, Paul and Murray, Royce W},
  journal={Langmuir},
  volume={25},
  number={24},
  pages={13840--13851},
  year={2009},
  publisher={ACS Publications}
}


@article{newman2020natural,
  title={Natural products as sources of new drugs over the nearly four decades from 01/1981 to 09/2019},
  author={Newman, David J and Cragg, Gordon M},
  journal={Journal of natural products},
  volume={83},
  number={3},
  pages={770--803},
  year={2020},
  publisher={ACS Publications}
}


@article{qiao2019gene,
  title={Gene duplication and evolution in recurring polyploidization--diploidization cycles in plants},
  author={Qiao, Xin and Li, Qionghou and Yin, Hao and Qi, Kaijie and Li, Leiting and Wang, Runze and Zhang, Shaoling and Paterson, Andrew H},
  journal={Genome biology},
  volume={20},
  number={1},
  pages={1--23},
  year={2019},
  publisher={BioMed Central}
}


@article{britten1978single,
  title={The single-copy DNA sequence polymorphism of the sea urchin Strongylocentrotus purpuratus},
  author={Britten, Roy J and Cetta, Anita and Davidson, Eric H},
  journal={Cell},
  volume={15},
  number={4},
  pages={1175--1186},
  year={1978},
  publisher={Elsevier}
}


@article{sarkar2021quaser,
  title={QuASeR: Quantum Accelerated de novo DNA sequence reconstruction},
  author={Sarkar, Aritra and Al-Ars, Zaid and Bertels, Koen},
  journal={Plos one},
  volume={16},
  number={4},
  pages={e0249850},
  year={2021},
  publisher={Public Library of Science San Francisco, CA USA}
}

@article{jones2015statistical,
  title={Statistical mechanics and thermodynamics of viral evolution},
  author={Jones, Barbara A and Lessler, Justin and Bianco, Simone and Kaufman, James H},
  journal={PloS one},
  volume={10},
  number={9},
  pages={e0137482},
  year={2015},
  publisher={Public Library of Science San Francisco, CA USA}
}


@inproceedings{capponi2021agent,
  title={Agent-based model (ABM) reveals the potential of virus-like particles as antiviral therapy},
  author={Capponi, Sara},
  booktitle={APS March Meeting Abstracts},
  volume={2021},
  pages={R17--005},
  year={2021}
}


@article{capponi2021ai,
  title={AI-driven prediction of SARS-CoV-2 variant binding trends from atomistic simulations},
  author={Capponi, Sara and Wang, Shangying and Navarro, Erik J and Bianco, Simone},
  journal={The European Physical Journal E},
  volume={44},
  number={10},
  pages={1--17},
  year={2021},
  publisher={Springer}
}


@techreport{nqisensor2022,
  title       = "Bringing Quantum Sensors To Fruition",
  institution = "National Science & Technology Council",
  year        = "2022"
}

@article{bakr2009quantum,
  title={A quantum gas microscope for detecting single atoms in a Hubbard-regime optical lattice},
  author={Bakr, Waseem S and Gillen, Jonathon I and Peng, Amy and F{\"o}lling, Simon and Greiner, Markus},
  journal={Nature},
  volume={462},
  number={7269},
  pages={74--77},
  year={2009},
  publisher={Nature Publishing Group}
}


@article{picconi2019quantum,
  title={Quantum dynamics and spectroscopy of dihalogens in solid matrices. I. Efficient simulation of the photodynamics of the embedded I2Kr18 cluster using the G-MCTDH method},
  author={Picconi, David and Cina, Jeffrey A and Burghardt, Irene},
  journal={The Journal of Chemical Physics},
  volume={150},
  number={6},
  pages={064111},
  year={2019},
  publisher={AIP Publishing LLC}
}


@article{ospelkaus2010controlling,
  title={Controlling the hyperfine state of rovibronic ground-state polar molecules},
  author={Ospelkaus, S and Ni, K-K and Qu{\'e}m{\'e}ner, G and Neyenhuis, B and Wang, D and De Miranda, MHG and Bohn, JL and Ye, J and Jin, DS},
  journal={Physical review letters},
  volume={104},
  number={3},
  pages={030402},
  year={2010},
  publisher={APS}
}


@article{narducci2022advances,
  title={Advances toward fieldable atom interferometers},
  author={Narducci, Frank A and Black, Adam T and Burke, John H},
  journal={Advances in Physics: X},
  volume={7},
  number={1},
  pages={1946426},
  year={2022},
  publisher={Taylor \& Francis}
}


@article{kozyryev2021enhanced,
  title={Enhanced sensitivity to ultralight bosonic dark matter in the spectra of the linear radical SrOH},
  author={Kozyryev, Ivan and Lasner, Zack and Doyle, John M},
  journal={Physical Review A},
  volume={103},
  number={4},
  pages={043313},
  year={2021},
  publisher={APS}
}


@techreport{QuantumSensorsMarket2021,
  title       = "Gold Nanoparticles - Global Market Trajectory & Analytics",
  institution = "Mordor Intelligence",
  year        = "2021",
    url={https://www.prnewswire.com/news-releases/global-gold-nanoparticles-market-to-reach-7-9-billion-by-2026--301508586.html}
}

@techreport{GoldNanoMarket2021,
  title       = "Quantum Sensors Market",
  institution = "Global Industry Analysts Inc., (GIA)",
  year        = "2022",
    url={https://www.mordorintelligence.com/industry-reports/quantum-sensors-market}
}

@techreport{AntiViralTherapeuticsMarket2021,
  title       = "Anti-Viral Therapeutics Market - Growth, Trends , COVID-19 Impact , and Forecasts (2022 - 2027) ",
  institution = "Mordor Intelligence",
  year        = "2021",
    url={https://www.mordorintelligence.com/industry-reports/anti-viral-therapeutics-market}
}

@techreport{QuantumSensorsNeutral2015,
author={Grant Biedermann},
  title       = "Sensing with neutral atoms",
  year        = "2015",
    url={https://www.osti.gov/servlets/purl/1257171}
}


@article{komasa2019rovibrational,
  title={Rovibrational energy levels of the hydrogen molecule through nonadiabatic perturbation theory},
  author={Komasa, Jacek and Puchalski, Mariusz and Czachorowski, Pawe{\l} and {\L}ach, Grzegorz and Pachucki, Krzysztof},
  journal={Physical Review A},
  volume={100},
  number={3},
  pages={032519},
  year={2019},
  publisher={APS}
}


@article{aznabayev2019leading,
  title={Leading-order relativistic corrections to the rovibrational spectrum of H 2+ and HD+ molecular ions},
  author={Aznabayev, DT and Bekbaev, AK and Korobov, Vladimir I},
  journal={Physical Review A},
  volume={99},
  number={1},
  pages={012501},
  year={2019},
  publisher={APS}
}


@article{dickenson2013fundamental,
  title={Fundamental vibration of molecular hydrogen},
  author={Dickenson, Gareth D and Niu, Ming Li and Salumbides, Edcel J and Komasa, Jacek and Eikema, Kjeld SE and Pachucki, Krzysztof and Ubachs, Wim},
  journal={Physical review letters},
  volume={110},
  number={19},
  pages={193601},
  year={2013},
  publisher={APS}
}


@article{Lemieux2020,
  title={Efficient Quantum Walk Circuits for Metropolis-Hastings Algorithm},
  author={Jessica Lemieux and Bettina Heim and David Poulin and Krysta Svore and Matthias Troyer},
  journal={Quantum},
  url={https://quantum-journal.org/papers/q-2020-06-29-287/},
  year={2020}
}

@article{Medvidovic2021,
    author  = "Medvidovi\'{c}, Matija and Carleo, Giuseppe",
    title   = "Classical variational simulation of the Quantum Approximate Optimization Algorithm",
    year    = "2021",
    URL = {https://doi.org/10.1038/s41534-021-00440-z}
}

@article{Wang2016,
    author  = "Yazhen Wang and Shang Wu and Jian Zou",
    title   = "Quantum Annealing with Markov Chain Monte Carlo Simulations and D-Wave Quantum Computers",
    year    = "2016",
    URL = {https://projecteuclid.org/journals/statistical-science/volume-31/issue-3/Quantum-Annealing-with-Markov-Chain-Monte-Carlo-Simulations-and-D/10.1214/16-STS560.full}
}

@article{Temme2011,
    author  = "Temme, K. and Osborne, T. J. and Vollbrecht, K. G. and Poulin, D. and Verstraete, F.",
    title   = "Quantum Metropolis sampling",
    year    = "2011",
    URL = {https://doi.org/10.1038/nature09770}
}

@article{gusmeroli2020biqbin,
  title={BiqBin: a parallel branch-and-bound solver for binary quadratic problems with linear constraints},
  author={Gusmeroli, Nicolo and Hrga, Timotej and Lu{\v{z}}ar, Borut and Povh, Janez and Siebenhofer, Melanie and Wiegele, Angelika},
  journal={arXiv preprint arXiv:2009.06240},
  year={2020}
}


@article{colmenaroptsicom,
  title={Optsicom Project},
  author={Colmenar, JM and Greistorfer, P and Mart{\'\i}, R and Duarte, A}
}


@article{wiegele2007biq,
  title={Biq Mac Library—A collection of Max-Cut and quadratic 0-1 programming instances of medium size},
  author={Wiegele, Angelika},
  journal={Preprint},
  volume={51},
  year={2007}
}


@INPROCEEDINGS{Montanaro2015,
  author={Ashley Montanaro},
  title={Quantum speedup of Monte Carlo methods}, 
  year={2015},
  volume={471},
  number={2181},
  doi={10.1098/rspa.2015.0301}
}

@inproceedings{salimans2015markov,
  title={Markov chain monte carlo and variational inference: Bridging the gap},
  author={Salimans, Tim and Kingma, Diederik and Welling, Max},
  booktitle={International Conference on Machine Learning},
  pages={1218--1226},
  year={2015},
  organization={PMLR}
}

@article{molina2008dft,
  title={DFT normal modes of vibration of the Au20 cluster},
  author={Molina, B and Soto, JR and Calles, A},
  journal={Revista mexicana de f{\'\i}sica},
  volume={54},
  number={4},
  pages={314--318},
  year={2008},
  publisher={Sociedad Mexicana de F{\'\i}sica}
}



@article{IRbook,
    author  = "Christopher D. Manning and Prabhakar Raghavan and Hinrich Schütze ",
    title   = "Introduction to Information Retrieval",
    year    = "2009",
    URL = {https://nlp.stanford.edu/IR-book/html/htmledition/definition-1.html#:~:text=A%20Markov%20chain%20is%20said,at%20time%20is%20greater%20than%20.}
}

@article{McNew2011,
    author  = "Nathan McNew",
    title   = "The Eigenvalue Gap and Mixing Time",
    year    = "2011",
    URL = {https://math.dartmouth.edu/~pw/M100W11/nathan.pdf}
}

@INPROCEEDINGS{Szegedy2004,
  author={Szegedy, M.},
  booktitle={45th Annual IEEE Symposium on Foundations of Computer Science}, 
  title={Quantum speed-up of Markov chain based algorithms}, 
  year={2004},
  volume={},
  number={},
  pages={32-41},
  doi={10.1109/FOCS.2004.53}
}

@article{van2018,
    author  = "van Ravenzwaaij, Don and Cassey, Pete and Brown, Scott D.",
    title   = "A simple introduction to Markov Chain Monte–Carlo sampling",
    year    = "2018",
    journal = "Psychonomic Bulletin & Review",
    volume  = "25",
    number  = "1",
    pages   = "143--154"
}

@article{Geyer1992,
 ISSN = {08834237},
 URL = {http://www.jstor.org/stable/2246094},
 abstract = {Markov chain Monte Carlo using the Metropolis-Hastings algorithm is a general method for the simulation of stochastic processes having probability densities known up to a constant of proportionality. Despite recent advances in its theory, the practice has remained controversial. This article makes the case for basing all inference on one long run of the Markov chain and estimating the Monte Carlo error by standard nonparametric methods well-known in the time-series and operations research literature. In passing it touches on the Kipnis-Varadhan central limit theorem for reversible Markov chains, on some new variance estimators, on judging the relative efficiency of competing Monte Carlo schemes, on methods for constructing more rapidly mixing Markov chains and on diagnostics for Markov chain Monte Carlo.},
 author = {Charles J. Geyer},
 journal = {Statistical Science},
 number = {4},
 pages = {473--483},
 publisher = {Institute of Mathematical Statistics},
 title = {Practical Markov Chain Monte Carlo},
 volume = {7},
 year = {1992}
}

@article{greenwade93,
    author  = "George D. Greenwade",
    title   = "The {C}omprehensive {T}ex {A}rchive {N}etwork ({CTAN})",
    year    = "1993",
    journal = "TUGBoat",
    volume  = "14",
    number  = "3",
    pages   = "342--351"
}

@article{pei2020generating,
  title={Generating Weighted MAX-2-SAT Instances with Frustrated Loops: an RBM Case Study},
  author={Pei, Yan Ru and Manukian, Haik and Di Ventra, Massimiliano},
  journal={Journal of Machine Learning Research},
  volume={21},
  number={159},
  pages={1--55},
  year={2020}
}


@article{machtapopulation,
  title={Population Annealing: An Effective Monte Carlo Method for Rough Free Energy Landscapes},
  author={Machta, Jon}
}

@article{santra2014max,
  title={MAX 2-SAT with up to 108 qubits},
  author={Santra, Siddhartha and Quiroz, Gregory and Ver Steeg, Greg and Lidar, Daniel A},
  journal={New Journal of Physics},
  volume={16},
  number={4},
  pages={045006},
  year={2014},
  publisher={IOP Publishing}
}



@book{saitta2011phase,
  title={Phase transitions in machine learning},
  author={Saitta, Lorenza and Giordana, Attilio and Cornuejols, Antoine},
  year={2011},
  publisher={Cambridge University Press}
}


@article{monasson1997statistical,
  title={Statistical mechanics of the random K-satisfiability model},
  author={Monasson, R{\'e}mi and Zecchina, Riccardo},
  journal={Physical Review E},
  volume={56},
  number={2},
  pages={1357},
  year={1997},
  publisher={APS}
}


@inproceedings{grohe2001evaluation,
  title={When is the evaluation of conjunctive queries tractable?},
  author={Grohe, Martin and Schwentick, Thomas and Segoufin, Luc},
  booktitle={Proceedings of the thirty-third annual ACM symposium on Theory of computing},
  pages={657--666},
  year={2001}
}


@book{biere2009handbook,
  title={Handbook of satisfiability},
  author={Biere, Armin and Heule, Marijn and van Maaren, Hans},
  volume={185},
  year={2009},
  publisher={IOS press}
}

@article{molmer1999multiparticle,
  title={Multiparticle entanglement of hot trapped ions},
  author={M{\o}lmer, Klaus and S{\o}rensen, Anders},
  journal={Physical Review Letters},
  volume={82},
  number={9},
  pages={1835},
  year={1999},
  publisher={APS}
}

@article{bravyi2017tapering,
  title={Tapering off qubits to simulate fermionic Hamiltonians},
  author={Bravyi, Sergey and Gambetta, Jay M and Mezzacapo, Antonio and Temme, Kristan},
  journal={arXiv preprint arXiv:1701.08213},
  year={2017}
}

@article{mcclean2017hybrid,
  title={Hybrid quantum-classical hierarchy for mitigation of decoherence and determination of excited states},
  author={McClean, Jarrod R and Kimchi-Schwartz, Mollie E and Carter, Jonathan and de Jong, Wibe A},
  journal={Physical Review A},
  volume={95},
  number={4},
  pages={042308},
  year={2017},
  publisher={APS}
}

@article{endo2018discovering,
  title={Discovering Hamiltonian spectra with variational quantum imaginary time simulation},
  author={Endo, Suguru and Jones, Tyson and McArdle, Sam and Yuan, Xiao and Benjamin, Simon},
  journal={arXiv preprint arXiv:1806.05707},
  year={2018}
}

@article{higgott2018variational,
  title={Variational Quantum Computation of Excited States},
  author={Higgott, Oscar and Wang, Daochen and Brierley, Stephen},
  journal={arXiv preprint arXiv:1805.08138},
  year={2018}
}

@article{santagati2018witnessing,
  title={Witnessing eigenstates for quantum simulation of Hamiltonian spectra},
  author={Santagati, Raffaele and Wang, Jianwei and Gentile, Antonio A and Paesani, Stefano and Wiebe, Nathan and McClean, Jarrod R and Morley-Short, Sam and Shadbolt, Peter J and Bonneau, Damien and Silverstone, Joshua W and others},
  journal={Science advances},
  volume={4},
  number={1},
  pages={eaap9646},
  year={2018},
  publisher={American Association for the Advancement of Science}
}

@article{o2016scalable,
  title={Scalable quantum simulation of molecular energies},
  author={O’Malley, PJJ and Babbush, Ryan and Kivlichan, ID and Romero, Jonathan and McClean, JR and Barends, Rami and Kelly, Julian and Roushan, Pedram and Tranter, Andrew and Ding, Nan and others},
  journal={Physical Review X},
  volume={6},
  number={3},
  pages={031007},
  year={2016},
  publisher={APS}
}

@article{moll2016optimizing,
  title={Optimizing qubit resources for quantum chemistry simulations in second quantization on a quantum computer},
  author={Moll, Nikolaj and Fuhrer, Andreas and Staar, Peter and Tavernelli, Ivano},
  journal={Journal of Physics A: Mathematical and Theoretical},
  volume={49},
  number={29},
  pages={295301},
  year={2016},
  publisher={IOP Publishing}
}

@article{hadfield2018divide,
  title={Divide and conquer approach to quantum Hamiltonian simulation},
  author={Hadfield, Stuart and Papageorgiou, Anargyros},
  journal={New Journal of Physics},
  volume={20},
  number={4},
  pages={043003},
  year={2018},
  publisher={IOP Publishing}
}

@article{tranter2015b,
  title={The B ravyi--K itaev transformation: Properties and applications},
  author={Tranter, Andrew and Sofia, Sarah and Seeley, Jake and Kaicher, Michael and McClean, Jarrod and Babbush, Ryan and Coveney, Peter V and Mintert, Florian and Wilhelm, Frank and Love, Peter J},
  journal={International Journal of Quantum Chemistry},
  volume={115},
  number={19},
  pages={1431--1441},
  year={2015},
  publisher={Wiley Online Library}
}

@article{bravyi2002fermionic,
  title={Fermionic quantum computation},
  author={Bravyi, Sergey B and Kitaev, Alexei Yu},
  journal={Annals of Physics},
  volume={298},
  number={1},
  pages={210--226},
  year={2002},
  publisher={Elsevier}
}

@article{seeley2012bravyi,
  title={The Bravyi-Kitaev transformation for quantum computation of electronic structure},
  author={Seeley, Jacob T and Richard, Martin J and Love, Peter J},
  journal={The Journal of chemical physics},
  volume={137},
  number={22},
  pages={224109},
  year={2012},
  publisher={AIP}
}

@article{kim2017entanglement,
  title={Entanglement renormalization, quantum error correction, and bulk causality},
  author={Kim, Isaac H and Kastoryano, Michael J},
  journal={Journal of High Energy Physics},
  volume={2017},
  number={4},
  pages={40},
  year={2017},
  publisher={Springer}
}



@incollection{jordan1993paulische,
  title={{\"u}ber das paulische {\"a}quivalenzverbot},
  author={Jordan, Pascual and Wigner, Eugene Paul},
  booktitle={The Collected Works of Eugene Paul Wigner},
  pages={109--129},
  year={1993},
  publisher={Springer}
}

@article{earp2005constructive,
  title={A constructive algorithm for the cartan decomposition of SU (2 n)},
  author={Earp, Henrique N S{\'a} and Pachos, Jiannis K},
  journal={Journal of mathematical physics},
  volume={46},
  number={8},
  pages={082108},
  year={2005},
  publisher={AIP}
}

@article{d2007quantum,
  title={Quantum symmetries and Cartan decompositions in arbitrary dimensions},
  author={D'Alessandro, Domenico and Albertini, Francesca},
  journal={Journal of Physics A: Mathematical and Theoretical},
  volume={40},
  number={10},
  pages={2439},
  year={2007},
  publisher={IOP Publishing}
}

@article{khaneja2000cartan,
  title={Cartan Decomposition of SU (2\^{} n), Constructive Controllability of Spin systems and Universal Quantum Computing},
  author={Khaneja, Navin and Glaser, Steffen},
  journal={arXiv preprint quant-ph/0010100},
  year={2000}
}

@article{su2006scheme,
  title={A Scheme of Cartan Decomposition for su (N)},
  author={Su, Zheng-Yao},
  journal={arXiv preprint quant-ph/0603190},
  year={2006}
}

@article{dagli2008lie,
  title={Lie algebra decompositions with applications to quantum dynamics},
  author={Dagl{\i}, Mehmet},
  year={2008},
  publisher={Digital Repository@ Iowa State University, http://lib. dr. iastate. edu/}
}

@article{hempel2018quantum,
  title={Quantum chemistry calculations on a trapped-ion quantum simulator},
  author={Hempel, Cornelius and Maier, Christine and Romero, Jonathan and McClean, Jarrod and Monz, Thomas and Shen, Heng and Jurcevic, Petar and Lanyon, Ben and Love, Peter and Babbush, Ryan and others},
  journal={arXiv preprint arXiv:1803.10238},
  year={2018}
}

@article{santagati2018witnessing,
  title={Witnessing eigenstates for quantum simulation of Hamiltonian spectra},
  author={Santagati, Raffaele and Wang, Jianwei and Gentile, Antonio A and Paesani, Stefano and Wiebe, Nathan and McClean, Jarrod R and Morley-Short, Sam and Shadbolt, Peter J and Bonneau, Damien and Silverstone, Joshua W and others},
  journal={Science advances},
  volume={4},
  number={1},
  pages={eaap9646},
  year={2018},
  publisher={American Association for the Advancement of Science}
}

@article{colless2018computation,
  title={Computation of molecular spectra on a quantum processor with an error-resilient algorithm},
  author={Colless, JI and Ramasesh, VV and Dahlen, D and Blok, MS and Kimchi-Schwartz, ME and McClean, JR and Carter, J and De Jong, WA and Siddiqi, I},
  journal={Physical Review X},
  volume={8},
  number={1},
  pages={011021},
  year={2018},
  publisher={APS}
}



@article{shen2017quantum,
  title={Quantum implementation of the unitary coupled cluster for simulating molecular electronic structure},
  author={Shen, Yangchao and Zhang, Xiang and Zhang, Shuaining and Zhang, Jing-Ning and Yung, Man-Hong and Kim, Kihwan},
  journal={Physical Review A},
  volume={95},
  number={2},
  pages={020501},
  year={2017},
  publisher={APS}
}

@article{amey2018analysis,
  title={Analysis and optimization of population annealing},
  author={Amey, Christopher and Machta, Jonathan},
  journal={Physical Review E},
  volume={97},
  number={3},
  pages={033301},
  year={2018},
  publisher={APS}
}


@article{wang2015population,
  title={Population annealing: Theory and application in spin glasses},
  author={Wang, Wenlong and Machta, Jonathan and Katzgraber, Helmut G},
  journal={Physical Review E},
  volume={92},
  number={6},
  pages={063307},
  year={2015},
  publisher={APS}
}


@inproceedings{hukushima2003population,
  title={Population annealing and its application to a spin glass},
  author={Hukushima, Koji and Iba, Yukito},
  booktitle={AIP Conference Proceedings},
  volume={690},
  number={1},
  pages={200--206},
  year={2003},
  organization={American Institute of Physics}
}


@article{amey2018analysis,
  title={Analysis and optimization of population annealing},
  author={Amey, Christopher and Machta, Jonathan},
  journal={Physical Review E},
  volume={97},
  number={3},
  pages={033301},
  year={2018},
  publisher={APS}
}


@article{o2016scalable,
  title={Scalable quantum simulation of molecular energies},
  author={O’Malley, PJJ and Babbush, Ryan and Kivlichan, ID and Romero, Jonathan and McClean, JR and Barends, Rami and Kelly, Julian and Roushan, Pedram and Tranter, Andrew and Ding, Nan and others},
  journal={Physical Review X},
  volume={6},
  number={3},
  pages={031007},
  year={2016},
  publisher={APS}
}

@article{preskill2018quantum,
  title={Quantum Computing in the NISQ era and beyond},
  author={Preskill, John},
  journal={arXiv preprint arXiv:1801.00862},
  year={2018}
}

@article{dobvsivcek2007arbitrary,
  title={Arbitrary accuracy iterative quantum phase estimation algorithm using a single ancillary qubit: A two-qubit benchmark},
  author={Dob{\v{s}}{\'\i}{\v{c}}ek, Miroslav and Johansson, G{\"o}ran and Shumeiko, Vitaly and Wendin, G{\"o}ran},
  journal={Physical Review A},
  volume={76},
  number={3},
  pages={030306},
  year={2007},
  publisher={APS}
}

@article{kitaev1995quantum,
  title={Quantum measurements and the Abelian stabilizer problem},
  author={Kitaev, A Yu},
  journal={arXiv preprint quant-ph/9511026},
  year={1995}
}

@article{mcclean2016theory,
  title={The theory of variational hybrid quantum-classical algorithms},
  author={McClean, Jarrod R and Romero, Jonathan and Babbush, Ryan and Aspuru-Guzik, Al{\'a}n},
  journal={New Journal of Physics},
  volume={18},
  number={2},
  pages={023023},
  year={2016},
  publisher={IOP Publishing}
}

@article{kandala2017hardware,
  title={Hardware-efficient variational quantum eigensolver for small molecules and quantum magnets},
  author={Kandala, Abhinav and Mezzacapo, Antonio and Temme, Kristan and Takita, Maika and Brink, Markus and Chow, Jerry M and Gambetta, Jay M},
  journal={Nature},
  volume={549},
  number={7671},
  pages={242},
  year={2017},
  publisher={Nature Publishing Group}
}

@phdthesis{debnath2016programmable,
  title={A programmable five qubit quantum computer using trapped atomic ions},
  author={Debnath, Shantanu},
  year={2016}
}

@article{bera2008universal,
  title={Universal quantum circuits},
  author={Bera, Debajyoti and Fenner, Stephen and Green, Frederic and Homer, Steve},
  journal={arXiv preprint arXiv:0804.2429},
  year={2008}
}

@article{nielsen2021efficient,
  title={Efficient flexible characterization of quantum processors with nested error models},
  author={Nielsen, Erik and Rudinger, Kenneth and Proctor, Timothy and Young, Kevin and Blume-Kohout, Robin},
  journal={arXiv preprint arXiv:2103.02188},
  year={2021}
}


@book{cormen2009introduction,
  title={Introduction to algorithms},
  author={Cormen, Thomas H and Leiserson, Charles E and Rivest, Ronald L and Stein, Clifford},
  year={2009},
  publisher={MIT press}
}

@article{rudinger2021experimental,
  title={Experimental Characterization of Crosstalk Errors with Simultaneous Gate Set Tomography},
  author={Rudinger, Kenneth and Hogle, Craig W and Naik, Ravi K and Hashim, Akel and Lobser, Daniel and Santiago, David I and Grace, Matthew D and Nielsen, Erik and Proctor, Timothy and Seritan, Stefan and others},
  journal={arXiv preprint arXiv:2103.09890},
  year={2021}
}


@article{endo2017practical,
  title={Practical Quantum Error Mitigation for Near-Future Applications},
  author={Endo, Suguru and Benjamin, Simon C and Li, Ying},
  journal={arXiv preprint arXiv:1712.09271},
  year={2017}
}

@article{kim2017noise,
  title={Noise-resilient preparation of quantum many-body ground states},
  author={Kim, Isaac H},
  journal={arXiv preprint arXiv:1703.00032},
  year={2017}
}

@article{kim2017robust,
  title={Robust entanglement renormalization on a noisy quantum computer},
  author={Kim, Isaac H and Swingle, Brian},
  journal={arXiv preprint arXiv:1711.07500},
  year={2017}
}

@unpublished{pavel2018,
author={Pavel Lougovski},
title={On Constructing UCC Circuits For the Deuteron $H_N$ Hamiltonian},
year={2018},
note={unpublished note}
}

@article{binder2016effective,
  title={Effective field theory in the harmonic oscillator basis},
  author={Binder, S and Ekstr{\"o}m, A and Hagen, Gaute and Papenbrock, T and Wendt, Kyle A},
  journal={Physical Review C},
  volume={93},
  number={4},
  pages={044332},
  year={2016},
  publisher={APS}
}

@article{bansal2017pion,
  title={Pion-less effective field theory for atomic nuclei and lattice nuclei},
  author={Bansal, A and Binder, S and Ekstr{\"o}m, A and Hagen, G and Jansen, GR and Papenbrock, T},
  journal={arXiv preprint arXiv:1712.10246},
  year={2017}
}

@article{lanyon2011universal,
  title={Universal digital quantum simulation with trapped ions},
  author={Lanyon, Ben P and Hempel, Cornelius and Nigg, Daniel and M{\"u}ller, Markus and Gerritsma, R and Z{\"a}hringer, F and Schindler, P and Barreiro, JT and Rambach, M and Kirchmair, G and others},
  journal={Science},
  volume={334},
  number={6052},
  pages={57--61},
  year={2011},
  publisher={American Association for the Advancement of Science}
}

@article{lanyon2010towards,
  title={Towards quantum chemistry on a quantum computer},
  author={Lanyon, Benjamin P and Whitfield, James D and Gillett, Geoff G and Goggin, Michael E and Almeida, Marcelo P and Kassal, Ivan and Biamonte, Jacob D and Mohseni, Masoud and Powell, Ben J and Barbieri, Marco and others},
  journal={Nature chemistry},
  volume={2},
  number={2},
  pages={106},
  year={2010},
  publisher={Nature Publishing Group}
}

@inproceedings{cheeseman1991really,
  title={Where the really hard problems are.},
  author={Cheeseman, Peter C and Kanefsky, Bob and Taylor, William M},
  booktitle={IJCAI},
  volume={91},
  pages={331--340},
  year={1991}
}

@article{sarovar2020detecting,
  title={Detecting crosstalk errors in quantum information processors},
  author={Sarovar, Mohan and Proctor, Timothy and Rudinger, Kenneth and Young, Kevin and Nielsen, Erik and Blume-Kohout, Robin},
  journal={Quantum},
  volume={4},
  pages={321},
  year={2020},
  publisher={Verein zur F{\"o}rderung des Open Access Publizierens in den Quantenwissenschaften}
}


@inproceedings{mitchell1992hard,
  title={Hard and easy distributions of SAT problems},
  author={Mitchell, David and Selman, Bart and Levesque, Hector},
  booktitle={AAAI},
  volume={92},
  pages={459--465},
  year={1992}
}

@article{higgott2019variational,
  title={Variational quantum computation of excited states},
  author={Higgott, Oscar and Wang, Daochen and Brierley, Stephen},
  journal={Quantum},
  volume={3},
  pages={156},
  year={2019},
  publisher={Verein zur F{\"o}rderung des Open Access Publizierens in den Quantenwissenschaften}
}

@inproceedings{szegedy2004quantum,
  title={Quantum speed-up of Markov chain based algorithms},
  author={Szegedy, Mario},
  booktitle={45th Annual IEEE symposium on foundations of computer science},
  pages={32--41},
  year={2004},
  organization={IEEE}
}

@article{liu2021rigorous,
  title={A rigorous and robust quantum speed-up in supervised machine learning},
  author={Liu, Yunchao and Arunachalam, Srinivasan and Temme, Kristan},
  journal={Nature Physics},
  volume={17},
  number={9},
  pages={1013--1017},
  year={2021},
  publisher={Nature Publishing Group UK London}
}





@article{gambella2020multiblock,
  title={Multiblock ADMM heuristics for mixed-binary optimization on classical and quantum computers},
  author={Gambella, Claudio and Simonetto, Andrea},
  journal={IEEE Transactions on Quantum Engineering},
  volume={1},
  pages={1--22},
  year={2020},
  publisher={IEEE}
}

@article{schuld2015introduction,
  title={An introduction to quantum machine learning},
  author={Schuld, Maria and Sinayskiy, Ilya and Petruccione, Francesco},
  journal={Contemporary Physics},
  volume={56},
  number={2},
  pages={172--185},
  year={2015},
  publisher={Taylor \& Francis}
}


@article{biamonte2017quantum,
  title={Quantum machine learning},
  author={Biamonte, Jacob and Wittek, Peter and Pancotti, Nicola and Rebentrost, Patrick and Wiebe, Nathan and Lloyd, Seth},
  journal={Nature},
  volume={549},
  number={7671},
  pages={195--202},
  year={2017},
  publisher={Nature Publishing Group UK London}
}


@article{farhi2014quantum,
  title={A quantum approximate optimization algorithm},
  author={Farhi, Edward and Goldstone, Jeffrey and Gutmann, Sam},
  journal={arXiv preprint arXiv:1411.4028},
  year={2014}
}

@article{Kavitha2022,
   author = {Kavitha, S. S. and Kaulgud, N.},
   title = {Quantum K-means clustering method for detecting heart disease using quantum circuit approach},
   journal = {Soft comput},
   pages = {1-14},
   ISSN = {1432-7643 (Print)
1433-7479 (Electronic)
1432-7643 (Linking)},
   DOI = {10.1007/s00500-022-07200-x},
   url = {https://www.ncbi.nlm.nih.gov/pubmed/35668906},
   year = {2022},
   type = {Journal Article}
}



@article{Rebentrost_2014,
	doi = {10.1103/physrevlett.113.130503},
  
	url = {https://doi.org/10.1103%2Fphysrevlett.113.130503},
  
	year = 2014,
	month = {sep},
  
	publisher = {American Physical Society ({APS})},
  
	volume = {113},
  
	number = {13},
  
	author = {Patrick Rebentrost and Masoud Mohseni and Seth Lloyd},
  
	title = {Quantum Support Vector Machine for Big Data Classification},
  
	journal = {Physical Review Letters}
}

@article{childs2009universal,
  title={Universal computation by quantum walk},
  author={Childs, Andrew M},
  journal={Physical review letters},
  volume={102},
  number={18},
  pages={180501},
  year={2009},
  publisher={APS}
}


@article{wocjan2021szegedy,
  title={Szegedy walk unitaries for quantum maps},
  author={Wocjan, Pawel and Temme, Kristan},
  journal={arXiv preprint arXiv:2107.07365},
  year={2021}
}





@article{kirby2022exact,
  title={Exact and efficient Lanczos method on a quantum computer},
  author={Kirby, William and Motta, Mario and Mezzacapo, Antonio},
  journal={arXiv preprint arXiv:2208.00567},
  year={2022}
}




@article{peruzzo2014variational,
  title={A variational eigenvalue solver on a photonic quantum processor},
  author={Peruzzo, Alberto and McClean, Jarrod and Shadbolt, Peter and Yung, Man-Hong and Zhou, Xiao-Qi and Love, Peter J and Aspuru-Guzik, Al{\'a}n and O’brien, Jeremy L},
  journal={Nature communications},
  volume={5},
  pages={4213},
  year={2014},
  publisher={Nature Publishing Group}
}

@article{shehab2019toward,
  title={Toward convergence of effective-field-theory simulations on digital quantum computers},
  author={Shehab, Omar and Landsman, K and Nam, Yunseong and Zhu, Daiwei and Linke, Norbert M and Keesan, M and Pooser, Raphael C and Monroe, C},
  journal={Physical Review A},
  volume={100},
  number={6},
  pages={062319},
  year={2019},
  publisher={APS}
}


@inproceedings{gokhale2020optimization,
  title={Optimization of simultaneous measurement for variational quantum eigensolver applications},
  author={Gokhale, Pranav and Angiuli, Olivia and Ding, Yongshan and Gui, Kaiwen and Tomesh, Teague and Suchara, Martin and Martonosi, Margaret and Chong, Frederic T},
  booktitle={2020 IEEE International Conference on Quantum Computing and Engineering (QCE)},
  pages={379--390},
  year={2020},
  organization={IEEE}
}


@article{nam2020ground,
  title={Ground-state energy estimation of the water molecule on a trapped-ion quantum computer},
  author={Nam, Yunseong and Chen, Jwo-Sy and Pisenti, Neal C and Wright, Kenneth and Delaney, Conor and Maslov, Dmitri and Brown, Kenneth R and Allen, Stewart and Amini, Jason M and Apisdorf, Joel and others},
  journal={npj Quantum Information},
  volume={6},
  number={1},
  pages={33},
  year={2020},
  publisher={Nature Publishing Group UK London}
}


@book{chow2010quantum,
  title={Quantum information processing with superconducting qubits},
  author={Chow, Jerry Moy},
  year={2010},
  publisher={Yale University}
}


@article{wecker2014gate,
  title={Gate-count estimates for performing quantum chemistry on small quantum computers},
  author={Wecker, Dave and Bauer, Bela and Clark, Bryan K and Hastings, Matthew B and Troyer, Matthias},
  journal={Physical Review A},
  volume={90},
  number={2},
  pages={022305},
  year={2014},
  publisher={APS}
}

@article{whitfield2011simulation,
  title={Simulation of electronic structure Hamiltonians using quantum computers},
  author={Whitfield, James D and Biamonte, Jacob and Aspuru-Guzik, Al{\'a}n},
  journal={Molecular Physics},
  volume={109},
  number={5},
  pages={735--750},
  year={2011},
  publisher={Taylor \& Francis}
}

@article{jones2012faster,
  title={Faster quantum chemistry simulation on fault-tolerant quantum computers},
  author={Jones, N Cody and Whitfield, James D and McMahon, Peter L and Yung, Man-Hong and Van Meter, Rodney and Aspuru-Guzik, Al{\'a}n and Yamamoto, Yoshihisa},
  journal={New Journal of Physics},
  volume={14},
  number={11},
  pages={115023},
  year={2012},
  publisher={IOP Publishing}
}

@article{aspuru2005simulated,
  title={Simulated quantum computation of molecular energies},
  author={Aspuru-Guzik, Al{\'a}n and Dutoi, Anthony D and Love, Peter J and Head-Gordon, Martin},
  journal={Science},
  volume={309},
  number={5741},
  pages={1704--1707},
  year={2005},
  publisher={American Association for the Advancement of Science}
}

@article{toloui2013quantum,
  title={Quantum algorithms for quantum chemistry based on the sparsity of the CI-matrix},
  author={Toloui, Borzu and Love, Peter J},
  journal={arXiv preprint arXiv:1312.2579},
  year={2013}
}

@article{lu2011simulation,
  title={Simulation of chemical isomerization reaction dynamics on a NMR quantum simulator},
  author={Lu, Dawei and Xu, Nanyang and Xu, Ruixue and Chen, Hongwei and Gong, Jiangbin and Peng, Xinhua and Du, Jiangfeng},
  journal={Physical review letters},
  volume={107},
  number={2},
  pages={020501},
  year={2011},
  publisher={APS}
}

@article{welch2014efficient,
  title={Efficient quantum circuits for diagonal unitaries without ancillas},
  author={Welch, Jonathan and Greenbaum, Daniel and Mostame, Sarah and Aspuru-Guzik, Alan},
  journal={New Journal of Physics},
  volume={16},
  number={3},
  pages={033040},
  year={2014},
  publisher={IOP Publishing}
}

@article{ward2009preparation,
  title={Preparation of many-body states for quantum simulation},
  author={Ward, Nicholas J and Kassal, Ivan and Aspuru-Guzik, Al{\'a}n},
  journal={The Journal of chemical physics},
  volume={130},
  number={19},
  pages={194105},
  year={2009},
  publisher={AIP}
}

@article{kassal2008polynomial,
  title={Polynomial-time quantum algorithm for the simulation of chemical dynamics},
  author={Kassal, Ivan and Jordan, Stephen P and Love, Peter J and Mohseni, Masoud and Aspuru-Guzik, Al{\'a}n},
  journal={Proceedings of the National Academy of Sciences},
  pages={pnas--0808245105},
  year={2008},
  publisher={National Acad Sciences}
}

@article{friedgut1999sharp,
  title={Sharp thresholds of graph properties, and the ��-sat problem},
  author={Friedgut, Ehud and Bourgain, Jean and others},
  journal={Journal of the American mathematical Society},
  volume={12},
  number={4},
  pages={1017--1054},
  year={1999}
}

@article{selman1996critical,
  title={Critical behavior in the computational cost of satisfiability testing},
  author={Selman, Bart and Kirkpatrick, Scott},
  journal={Artificial Intelligence},
  volume={81},
  number={1-2},
  pages={273--295},
  year={1996},
  publisher={Elsevier}
}

@article{selman1996generating,
  title={Generating hard satisfiability problems},
  author={Selman, Bart and Mitchell, David G and Levesque, Hector J},
  journal={Artificial intelligence},
  volume={81},
  number={1-2},
  pages={17--29},
  year={1996},
  publisher={Elsevier}
}

@inproceedings{cook1997finding,
  title={Finding hard instances of the satisfiability problem},
  author={Cook, Stephen A and Mitchell, David G},
  booktitle={Satisfiability Problem: Theory and Applications: DIMACS Workshop},
  volume={35},
  pages={1--17},
  year={1997}
}

@article{wang2018quantum,
  title={Quantum approximate optimization algorithm for MaxCut: A fermionic view},
  author={Wang, Zhihui and Hadfield, Stuart and Jiang, Zhang and Rieffel, Eleanor G},
  journal={Physical Review A},
  volume={97},
  number={2},
  pages={022304},
  year={2018},
  publisher={APS}
}

@article{guerreschi2018qaoa,
  title={QAOA for Max-Cut requires hundreds of qubits for quantum speed-up},
  author={Guerreschi, GG and Matsuura, AY},
  journal={arXiv preprint arXiv:1812.07589},
  year={2018}
}

@article{lloyd2018quantum,
  title={Quantum approximate optimization is computationally universal},
  author={Lloyd, Seth},
  journal={arXiv preprint arXiv:1812.11075},
  year={2018}
}

@article{brandao2018fixed,
  title={For Fixed Control Parameters the Quantum Approximate Optimization Algorithm's Objective Function Value Concentrates for Typical Instances},
  author={Brandao, Fernando GSL and Broughton, Michael and Farhi, Edward and Gutmann, Sam and Neven, Hartmut},
  journal={arXiv preprint arXiv:1812.04170},
  year={2018}
}

@article{bapat2018bang,
  title={Bang-bang control as a design principle for classical and quantum optimization algorithms},
  author={Bapat, Aniruddha and Jordan, Stephen},
  journal={arXiv preprint arXiv:1812.02746},
  year={2018}
}

@article{zhou2018quantum,
  title={Quantum Approximate Optimization Algorithm: Performance, Mechanism, and Implementation on Near-Term Devices},
  author={Zhou, Leo and Wang, Sheng-Tao and Choi, Soonwon and Pichler, Hannes and Lukin, Mikhail D},
  journal={arXiv preprint arXiv:1812.01041},
  year={2018}
}

@article{ho2018ultrafast,
  title={Ultrafast State Preparation via the Quantum Approximate Optimization Algorithm with Long Range Interactions},
  author={Ho, Wen Wei and Jonay, Cheryne and Hsieh, Timothy H},
  journal={arXiv preprint arXiv:1810.04817},
  year={2018}
}

@article{dalzell2018many,
  title={How many qubits are needed for quantum computational supremacy?},
  author={Dalzell, Alexander M and Harrow, Aram W and Koh, Dax Enshan and La Placa, Rolando L},
  journal={arXiv preprint arXiv:1805.05224},
  year={2018}
}

@article{farhi6062quantum,
  title={A quantum approximate optimization algorithm applied to a bounded occurrence constraint problem},
  author={Farhi, Edward and Goldstone, Jeffrey and Gutmann, Sam},
  journal={arXiv preprint arXiv:1412.6062},
  volume={2},
  pages={13}
}

@article{spall1998overview,
  title={An overview of the simultaneous perturbation method for efficient optimization},
  author={Spall, James C},
  journal={Johns Hopkins apl technical digest},
  volume={19},
  number={4},
  pages={482--492},
  year={1998}
}

@incollection{spall2012stochastic,
  title={Stochastic optimization},
  author={Spall, James C},
  booktitle={Handbook of computational statistics},
  pages={173--201},
  year={2012},
  publisher={Springer}
}

@article{spall2001stochastic,
  title={Stochastic optimization, stochastic approximation and simulated annealing},
  author={Spall, James C},
  journal={Wiley Encyclopedia of Electrical and Electronics Engineering},
  year={2001},
  publisher={Wiley Online Library}
}

@book{garey2002computers,
  title={Computers and intractability},
  author={Garey, Michael R and Johnson, David S},
  volume={29},
  year={2002},
  publisher={wh freeman New York}
}
@article{stafford2010science,
  title={Science in the digital age},
  author={Stafford, Ned},
  journal={Nature},
  volume={467},
  number={7317},
  pages={S19--S21},
  year={2010},
  publisher={Nature Publishing Group UK London}
}
@article{boghosian1998simulating,
  title={Simulating quantum mechanics on a quantum computer},
  author={Boghosian, Bruce M and Taylor IV, Washington},
  journal={Physica D: Nonlinear Phenomena},
  volume={120},
  number={1-2},
  pages={30--42},
  year={1998},
  publisher={Elsevier}
}
@article{romero2018strategies,
  title={Strategies for quantum computing molecular energies using the unitary coupled cluster ansatz},
  author={Romero, Jonathan and Babbush, Ryan and McClean, Jarrod and Hempel, Cornelius and Love, Peter and Aspuru-Guzik, Al{\'a}n},
  journal={Quantum Science and Technology},
  year={2018},
  publisher={IOP Publishing}
}

@incollection{karp1972reducibility,
  title={Reducibility among combinatorial problems},
  author={Karp, Richard M},
  booktitle={Complexity of computer computations},
  pages={85--103},
  year={1972},
  publisher={Springer}
}

@article{wu2018noise,
  title={Noise Analysis for High-Fidelity Quantum Entangling Gates in an Anharmonic Linear Paul Trap},
  author={Wu, Yukai and Wang, Sheng-Tao and Duan, L-M},
  journal={arXiv preprint arXiv:1802.03640},
  year={2018}
}

@article{brown2018comparing,
  title={Comparing Zeeman qubits to hyperfine qubits in the context of the surface code: Yb+ 174 and Yb+ 171},
  author={Brown, Natalie C and Brown, Kenneth R},
  journal={Physical Review A},
  volume={97},
  number={5},
  pages={052301},
  year={2018},
  publisher={APS}
}

@article{mcardle2018quantum,
  title={Quantum computational chemistry},
  author={McArdle, Sam and Endo, Suguru and Aspuru-Guzik, Alan and Benjamin, Simon and Yuan, Xiao},
  journal={arXiv preprint arXiv:1808.10402},
  year={2018}
}

@article{cross2017open,
  title={Open quantum assembly language},
  author={Cross, Andrew W and Bishop, Lev S and Smolin, John A and Gambetta, Jay M},
  journal={arXiv preprint arXiv:1707.03429},
  year={2017}
}

@article{weinstein1934modified,
  title={Modified Ritz method},
  author={Weinstein, DH},
  journal={Proceedings of the National Academy of Sciences},
  volume={20},
  number={9},
  pages={529--532},
  year={1934},
  publisher={National Acad Sciences}
}

@article{mcclean2018barren,
  title={Barren plateaus in quantum neural network training landscapes},
  author={McClean, Jarrod R and Boixo, Sergio and Smelyanskiy, Vadim N and Babbush, Ryan and Neven, Hartmut},
  journal={arXiv preprint arXiv:1803.11173},
  year={2018}
}

@article{barkoutsos2018quantum,
  title={Quantum algorithms for electronic structure calculations: particle/hole Hamiltonian and optimized wavefunction expansions},
  author={Barkoutsos, Panagiotis Kl and Gonthier, Jerome F and Sokolov, Igor and Moll, Nikolaj and Salis, Gian and Fuhrer, Andreas and Ganzhorn, Marc and Egger, Daniel J and Troyer, Matthias and Mezzacapo, Antonio and others},
  journal={arXiv preprint arXiv:1805.04340},
  year={2018}
}



@article{macdonald1934modified,
  title={On the modified Ritz variation method},
  author={MacDonald, JKL},
  journal={Physical Review},
  volume={46},
  number={9},
  pages={828},
  year={1934},
  publisher={APS}
}

@article{klco2018quantum,
  title={Quantum-Classical Dynamical Calculations of the Schwinger Model using Quantum Computers},
  author={Klco, N and Dumitrescu, EF and McCaskey, AJ and Morris, TD and Pooser, RC and Sanz, M and Solano, E and Lougovski, P and Savage, MJ},
  journal={arXiv preprint arXiv:1803.03326},
  year={2018}
}

@article{cross2017open,
  title={Open quantum assembly language},
  author={Cross, Andrew W and Bishop, Lev S and Smolin, John A and Gambetta, Jay M},
  journal={arXiv preprint arXiv:1707.03429},
  year={2017}
}


@phdthesis{huh2011unified,
  title={Unified description of vibronic transitions with coherent states},
  author={Huh, Joonsuk},
  year={2011},
  school={Frankfurt (Main), Univ., Diss., 2011}
}

@article{raghavachari1989fifth,
  title={A fifth-order perturbation comparison of electron correlation theories},
  author={Raghavachari, Krishnan and Trucks, Gary W and Pople, John A and Head-Gordon, Martin},
  journal={Chemical Physics Letters},
  volume={157},
  number={6},
  pages={479--483},
  year={1989},
  publisher={Elsevier}
}
@book{jensen2017introduction,
  title={Introduction to computational chemistry},
  author={Jensen, Frank},
  year={2017},
  publisher={John wiley \& sons}
}
@article{van2001two,
  title={Two-body coupled cluster expansions},
  author={Van Voorhis, Troy and Head-Gordon, Martin},
  journal={The Journal of Chemical Physics},
  volume={115},
  number={11},
  pages={5033--5040},
  year={2001},
  publisher={American Institute of Physics}
}
@article{maurice1999analytical,
  title={Analytical second derivatives for excited electronic states using the single excitation configuration interaction method: theory and application to benzo [a] pyrene and chalcone},
  author={Maurice, David and Head-Gordon, Martin},
  journal={Molecular Physics},
  volume={96},
  number={10},
  pages={1533--1541},
  year={1999},
  publisher={Taylor \& Francis}
}
@article{head1994doubles,
  title={A doubles correction to electronic excited states from configuration interaction in the space of single substitutions},
  author={Head-Gordon, Martin and Rico, Rudolph J and Oumi, Manabu and Lee, Timothy J},
  journal={Chemical Physics Letters},
  volume={219},
  number={1-2},
  pages={21--29},
  year={1994},
  publisher={Elsevier}
}
@article{meyer1990multi,
  title={The multi-configurational time-dependent Hartree approach},
  author={Meyer, H-D and Manthe, Uwe and Cederbaum, Lorenz S},
  journal={Chemical Physics Letters},
  volume={165},
  number={1},
  pages={73--78},
  year={1990},
  publisher={Elsevier}
}
@article{moller1934note,
  title={Note on an approximation treatment for many-electron systems},
  author={M{\o}ller, Chr and Plesset, Milton S},
  journal={Physical review},
  volume={46},
  number={7},
  pages={618},
  year={1934},
  publisher={APS}
}
@article{krishnan1978approximate,
  title={Approximate fourth-order perturbation theory of the electron correlation energy},
  author={Krishnan, R and Pople, John A},
  journal={International Journal of Quantum Chemistry},
  volume={14},
  number={1},
  pages={91--100},
  year={1978},
  publisher={Wiley Online Library}
}
@article{grimme2003improved,
  title={Improved third-order M{\o}ller--Plesset perturbation theory},
  author={Grimme, Stefan},
  journal={Journal of computational chemistry},
  volume={24},
  number={13},
  pages={1529--1537},
  year={2003},
  publisher={Wiley Online Library}
}
@article{pople1987quadratic,
  title={Quadratic configuration interaction. A general technique for determining electron correlation energies},
  author={Pople, John A and Head-Gordon, Martin and Raghavachari, Krishnan},
  journal={The Journal of chemical physics},
  volume={87},
  number={10},
  pages={5968--5975},
  year={1987},
  publisher={American Institute of Physics}
}
@article{petersson1991complete,
  title={A complete basis set model chemistry. III. The complete basis set-quadratic configuration interaction family of methods},
  author={Petersson, GA and Tensfeldt, Thomas G and Montgomery Jr, JA},
  journal={The Journal of chemical physics},
  volume={94},
  number={9},
  pages={6091--6101},
  year={1991},
  publisher={American Institute of Physics}
}
@article{schmidhuber2022complexitytheoretic,
      title={Complexity-Theoretic Limitations on Quantum Algorithms for Topological Data Analysis}, 
      author={Alexander Schmidhuber and Seth Lloyd},
      year={2022},
      journal={arXiv preprint arXiv:2209.14286},
      eprint={2209.14286},
      archivePrefix={arXiv},
      primaryClass={quant-ph}
}

@article{cramer2003essentials,
  title={Essentials of computational chemistry},
  author={Cramer, Christopher J and Bickelhaupt, FM},
  journal={ANGEWANDTE CHEMIE-INTERNATIONAL EDITION IN ENGLISH-},
  volume={42},
  number={4},
  pages={191--232},
  year={2003},
  publisher={VCH VERLAGSGESELLSCHAFT}
}
@article{mardirossian2017thirty,
  title={Thirty years of density functional theory in computational chemistry: an overview and extensive assessment of 200 density functionals},
  author={Mardirossian, Narbe and Head-Gordon, Martin},
  journal={Molecular Physics},
  volume={115},
  number={19},
  pages={2315--2372},
  year={2017},
  publisher={Taylor \& Francis}
}
@article{perdew1998perdew,
  title={Perdew, burke, and ernzerhof reply},
  author={Perdew, JP and Burke, K and Ernzerhof, M},
  journal={Physical Review Letters},
  volume={80},
  number={4},
  pages={891},
  year={1998},
  publisher={APS}
}
@article{devlin1995ab,
  title={Ab initio calculation of vibrational absorption and circular dichroism spectra using density functional force fields: a comparison of local, nonlocal, and hybrid density functionals},
  author={Devlin, FJ and Finley, JW and Stephens, PJ and Frisch, MJ},
  journal={The Journal of Physical Chemistry},
  volume={99},
  number={46},
  pages={16883--16902},
  year={1995},
  publisher={ACS Publications}
}
@article{perdew1992atoms,
  title={Atoms, molecules, solids, and surfaces: Applications of the generalized gradient approximation for exchange and correlation},
  author={Perdew, John P and Chevary, John A and Vosko, Sy H and Jackson, Koblar A and Pederson, Mark R and Singh, Dig J and Fiolhais, Carlos},
  journal={Physical review B},
  volume={46},
  number={11},
  pages={6671},
  year={1992},
  publisher={APS}
}
@article{hehre1969self,
  title={self-consistent molecular-orbital methods. i. use of gaussian expansions of Slater-type atomic orbitals},
  author={Hehre, Warren J and Stewart, Robert F and Pople, John A},
  journal={The Journal of Chemical Physics},
  volume={51},
  number={6},
  pages={2657--2664},
  year={1969},
  publisher={American Institute of Physics}
}
@article{krishnan1980self,
  title={Self-consistent molecular orbital methods. XX. A basis set for correlated wave functions},
  author={Krishnan, RBJS and Binkley, J Stephen and Seeger, Rolf and Pople, John A},
  journal={The Journal of chemical physics},
  volume={72},
  number={1},
  pages={650--654},
  year={1980},
  publisher={American Institute of Physics}
}
@article{dunning1989gaussian,
  title={Gaussian basis sets for use in correlated molecular calculations. I. The atoms boron through neon and hydrogen},
  author={Dunning Jr, Thom H},
  journal={The Journal of chemical physics},
  volume={90},
  number={2},
  pages={1007--1023},
  year={1989},
  publisher={American Institute of Physics}
}
@article{jensen2001polarization,
  title={Polarization consistent basis sets: Principles},
  author={Jensen, Frank},
  journal={The Journal of Chemical Physics},
  volume={115},
  number={20},
  pages={9113--9125},
  year={2001},
  publisher={American Institute of Physics}
}

@article{straub2022growing,
  title={Growing Gold Nanostars on SiO2 Nanoparticles: Easily Accessible, NIR Active Core--Shell Nanostructures from PVP/DMF Reduction},
  author={Straub, Laura C and Capobianco, John A and Wickleder, Mathias S},
  journal={Chemistry},
  volume={4},
  number={3},
  pages={647--654},
  year={2022},
  publisher={MDPI}
}
@article{park2014structural,
  title={Structural study of citrate layers on gold nanoparticles: role of intermolecular interactions in stabilizing nanoparticles},
  author={Park, Jong-Won and Shumaker-Parry, Jennifer S},
  journal={Journal of the American Chemical Society},
  volume={136},
  number={5},
  pages={1907--1921},
  year={2014},
  publisher={ACS Publications}
}
@article{von2009computationally,
  title={Computationally guided photothermal tumor therapy using long-circulating gold nanorod antennas},
  author={Von Maltzahn, Geoffrey and Park, Ji-Ho and Agrawal, Amit and Bandaru, Nanda Kishor and Das, Sarit K and Sailor, Michael J and Bhatia, Sangeeta N},
  journal={Cancer research},
  volume={69},
  number={9},
  pages={3892--3900},
  year={2009},
  publisher={AACR}
}
@article{grzelczak2020shape,
  title={Shape control in gold nanoparticle synthesis},
  author={Grzelczak, Marek and P{\'e}rez-Juste, Jorge and Mulvaney, Paul and Liz-Marz{\'a}n, Luis M},
  journal={Colloidal Synthesis of Plasmonic Nanometals},
  pages={197--220},
  year={2020},
  publisher={Jenny Stanford Publishing}
}
@article{he2008one,
  title={One-step label-free optical genosensing system for sequence-specific DNA related to the human immunodeficiency virus based on the measurements of light scattering signals of gold nanorods},
  author={He, Wei and Huang, Cheng Zhi and Li, Yuan Fang and Xie, Jian Ping and Yang, Rong Ge and Zhou, Pei Fu and Wang, Jian},
  journal={Analytical chemistry},
  volume={80},
  number={22},
  pages={8424--8430},
  year={2008},
  publisher={ACS Publications}
}

@article{wang2010gold,
  title={Gold nanorod-based localized surface plasmon resonance biosensor for sensitive detection of hepatitis B virus in buffer, blood serum and plasma},
  author={Wang, Xiaohui and Li, Yuan and Wang, Huafen and Fu, Qiuxia and Peng, Jianchun and Wang, Yingli and Du, Juan and Zhou, Yong and Zhan, Linsheng},
  journal={Biosensors and Bioelectronics},
  volume={26},
  number={2},
  pages={404--410},
  year={2010},
  publisher={Elsevier}
}
@article{el2020biogenic,
  title={Biogenic synthesis of gold nanoparticles by bacteria and utilization of the chemical fabricated for diagnostic performance of viral hepatitis C Virus-NS4},
  author={El-Shanshoury, Abd El-Raheem R and Ebeid, El-Zeiny E and Elsilk, Sobhy E and Mohamed, Samia F and Ebeid, Mohamed E},
  journal={Letters in Applied NanoBioScience},
  volume={9},
  pages={1395--1408},
  year={2020}
}
@article{huff2007hyperthermic,
  title={Hyperthermic effects of gold nanorods on tumor cells},
  author={Huff, Terry B and Tong, Ling and Zhao, Yan and Hansen, Matthew N and Cheng, Ji-Xin and Wei, Alexander},
  year={2007},
  publisher={Future Medicine}
}
@article{kim2010tuning,
  title={Tuning payload delivery in tumour cylindroids using gold nanoparticles},
  author={Kim, Byoungjin and Han, Gang and Toley, Bhushan J and Kim, Chae-kyu and Rotello, Vincent M and Forbes, Neil S},
  journal={Nature nanotechnology},
  volume={5},
  number={6},
  pages={465--472},
  year={2010},
  publisher={Nature Publishing Group}
}

@article{porta2022structural,
  title={The structural coverage of the human proteome before and after AlphaFold},
  author={Porta-Pardo, Eduard and Ruiz-Serra, Victoria and Valentini, Samuel and Valencia, Alfonso},
  journal={PLoS computational biology},
  volume={18},
  number={1},
  pages={e1009818},
  year={2022},
  publisher={Public Library of Science San Francisco, CA USA}
}


@article{callaway2022s,
  title={What’s next for the AI protein-folding revolution},
  author={Callaway, Ewen},
  journal={Nature},
  volume={604},
  pages={234--238},
  year={2022}
}



@article{cavinato2021optimizing,
  title={Optimizing radiotherapy plans for cancer treatment with Tensor Networks},
  author={Cavinato, Samuele and Felser, Timo and Fusella, Marco and Paiusco, Marta and Montangero, Simone},
  journal={Physics in Medicine \& Biology},
  volume={66},
  number={12},
  pages={125015},
  year={2021},
  publisher={IOP Publishing}
}


@article{nazareth2015first,
  title={First application of quantum annealing to IMRT beamlet intensity optimization},
  author={Nazareth, Daryl P and Spaans, Jason D},
  journal={Physics in Medicine \& Biology},
  volume={60},
  number={10},
  pages={4137},
  year={2015},
  publisher={IOP Publishing}
}


@article{li2007enhancement,
  title={The enhancement effect of gold nanoparticles in drug delivery and as biomarkers of drug-resistant cancer cells},
  author={Li, Jingyuan and Wang, Xuemei and Wang, Chunxia and Chen, Baoan and Dai, Yongyuan and Zhang, Renyun and Song, Min and Lv, Gang and Fu, Degang},
  journal={ChemMedChem: Chemistry Enabling Drug Discovery},
  volume={2},
  number={3},
  pages={374--378},
  year={2007},
  publisher={Wiley Online Library}
}
@article{bastus2011kinetically,
  title={Kinetically controlled seeded growth synthesis of citrate-stabilized gold nanoparticles of up to 200 nm: size focusing versus Ostwald ripening},
  author={Bast{\'u}s, Neus G and Comenge, Joan and Puntes, V{\'\i}ctor},
  journal={Langmuir},
  volume={27},
  number={17},
  pages={11098--11105},
  year={2011},
  publisher={ACS Publications}
}
@article{sawaya2019quantum,
  title={Quantum algorithm for calculating molecular vibronic spectra},
  author={Sawaya, Nicolas PD and Huh, Joonsuk},
  journal={The journal of physical chemistry letters},
  volume={10},
  number={13},
  pages={3586--3591},
  year={2019},
  publisher={ACS Publications}
}
@article{al2017structure,
  title={The structure and binding mode of citrate in the stabilization of gold nanoparticles},
  author={Al-Johani, Hind and Abou-Hamad, Edy and Jedidi, Abdesslem and Widdifield, Cory M and Viger-Gravel, Jasmine and Sangaru, Shiv Shankar and Gajan, David and Anjum, Dalaver H and Ould-Chikh, Samy and Hedhili, Mohamed Nejib and others},
  journal={Nature chemistry},
  volume={9},
  number={9},
  pages={890--895},
  year={2017},
  publisher={Nature Publishing Group}
}
@article{forstel2019optical,
  title={Optical spectroscopy of the au4+ cluster: The resolved vibronic structure indicates an unexpected isomer},
  author={F{\"o}rstel, Marko and Schewe, Wolfgang and Dopfer, Otto},
  journal={Angewandte Chemie},
  volume={131},
  number={11},
  pages={3394--3398},
  year={2019},
  publisher={Wiley Online Library}
}

@inproceedings{sim2015dissociation,
  title={Dissociation curves of diatomic molecules: A DC-DFT study},
  author={Sim, Eunji and Kim, Min-Cheol and Burke, Kieron},
  booktitle={AIP Conference Proceedings},
  volume={1702},
  number={1},
  pages={090036},
  year={2015},
  organization={AIP Publishing LLC}
}


@article{li2003au20,
  title={Au20: a tetrahedral cluster},
  author={Li, Jun and Li, Xi and Zhai, Hua-Jin and Wang, Lai-Sheng},
  journal={Science},
  volume={299},
  number={5608},
  pages={864--867},
  year={2003},
  publisher={American Association for the Advancement of Science}
}
@article{jankowiak2007vibronic,
  title={Vibronic transitions in large molecular systems: Rigorous prescreening conditions for Franck-Condon factors},
  author={Jankowiak, H-C and Stuber, JL and Berger, R},
  journal={The Journal of chemical physics},
  volume={127},
  number={23},
  pages={234101},
  year={2007},
  publisher={American Institute of Physics}
}
@article{meier2015comparison,
  title={Comparison of methods for calculating Franck--Condon factors beyond the harmonic approximation: how important are Duschinsky rotations?},
  author={Meier, Patrick and Rauhut, Guntram},
  journal={Molecular Physics},
  volume={113},
  number={23},
  pages={3859--3873},
  year={2015},
  publisher={Taylor \& Francis}
}
@article{petrenko2017general,
  title={A general approach for calculating strongly anharmonic vibronic spectra with a high density of states: The X̃2B1← X̃1A1 photoelectron spectrum of difluoromethane},
  author={Petrenko, Taras and Rauhut, Guntram},
  journal={Journal of Chemical Theory and Computation},
  volume={13},
  number={11},
  pages={5515--5527},
  year={2017},
  publisher={ACS Publications}
}
@article{jones2014interproscan,
  title={InterProScan 5: genome-scale protein function classification},
  author={Jones, Philip and Binns, David and Chang, Hsin-Yu and Fraser, Matthew and Li, Weizhong and McAnulla, Craig and McWilliam, Hamish and Maslen, John and Mitchell, Alex and Nuka, Gift and others},
  journal={Bioinformatics},
  volume={30},
  number={9},
  pages={1236--1240},
  year={2014},
  publisher={Oxford University Press}
}
@article{conesa2005blast2go,
  title={Blast2GO: a universal tool for annotation, visualization and analysis in functional genomics research},
  author={Conesa, Ana and G{\"o}tz, Stefan and Garc{\'\i}a-G{\'o}mez, Juan Miguel and Terol, Javier and Tal{\'o}n, Manuel and Robles, Montserrat},
  journal={Bioinformatics},
  volume={21},
  number={18},
  pages={3674--3676},
  year={2005},
  publisher={Oxford University Press}
}
@article{de2022roadmap,
  title={A roadmap for the functional annotation of protein families: a community perspective},
  author={de Cr{\'e}cy-Lagard, Val{\'e}rie and Amorin de Hegedus, Rocio and Arighi, Cecilia and Babor, Jill and Bateman, Alex and Blaby, Ian and Blaby-Haas, Crysten and Bridge, Alan J and Burley, Stephen K and Cleveland, Stacey and others},
  journal={Database},
  volume={2022},
  year={2022},
  publisher={Oxford Academic}
}
@article{bileschi2022using,
  title={Using deep learning to annotate the protein universe},
  author={Bileschi, Maxwell L and Belanger, David and Bryant, Drew H and Sanderson, Theo and Carter, Brandon and Sculley, D and Bateman, Alex and DePristo, Mark A and Colwell, Lucy J},
  journal={Nature Biotechnology},
  pages={1--6},
  year={2022},
  publisher={Nature Publishing Group}
}
@article{lin2022evolutionary,
  title={Evolutionary-scale prediction of atomic level protein structure with a language model},
  author={Lin, Zeming and Akin, Halil and Rao, Roshan and Hie, Brian and Zhu, Zhongkai and Lu, Wenting and Smetanin, Nikita and Verkuil, Robert and Kabeli, Ori and Shmueli, Yaniv and others},
  journal={bioRxiv},
  year={2022},
  publisher={Cold Spring Harbor Laboratory}
}
@article{zhou2019cafa,
  title={The CAFA challenge reports improved protein function prediction and new functional annotations for hundreds of genes through experimental screens},
  author={Zhou, Naihui and Jiang, Yuxiang and Bergquist, Timothy R and Lee, Alexandra J and Kacsoh, Balint Z and Crocker, Alex W and Lewis, Kimberley A and Georghiou, George and Nguyen, Huy N and Hamid, Md Nafiz and others},
  journal={Genome biology},
  volume={20},
  number={1},
  pages={1--23},
  year={2019},
  publisher={BioMed Central}
}
@article{hey2005ancestor,
  title={The ancestor’s tale A pilgrimage to the dawn of evolution},
  author={Hey, Jody and others},
  journal={The Journal of Clinical Investigation},
  volume={115},
  number={7},
  pages={1680--1680},
  year={2005},
  publisher={Am Soc Clin Investig}
}
@article{gaudet2011phylogenetic,
  title={Phylogenetic-based propagation of functional annotations within the Gene Ontology consortium},
  author={Gaudet, Pascale and Livstone, Michael S and Lewis, Suzanna E and Thomas, Paul D},
  journal={Briefings in bioinformatics},
  volume={12},
  number={5},
  pages={449--462},
  year={2011},
  publisher={Oxford University Press}
}
@article{armon2001consurf,
  title={ConSurf: an algorithmic tool for the identification of functional regions in proteins by surface mapping of phylogenetic information},
  author={Armon, Aharon and Graur, Dan and Ben-Tal, Nir},
  journal={Journal of molecular biology},
  volume={307},
  number={1},
  pages={447--463},
  year={2001},
  publisher={Elsevier}
}
@article{brandes2022proteinbert,
  title={ProteinBERT: a universal deep-learning model of protein sequence and function},
  author={Brandes, Nadav and Ofer, Dan and Peleg, Yam and Rappoport, Nadav and Linial, Michal},
  journal={Bioinformatics},
  volume={38},
  number={8},
  pages={2102--2110},
  year={2022},
  publisher={Oxford University Press}
}
@article{rives2019biological,
  author={Rives, Alexander and Meier, Joshua and Sercu, Tom and Goyal, Siddharth and Lin, Zeming and Liu, Jason and Guo, Demi and Ott, Myle and Zitnick, C. Lawrence and Ma, Jerry and Fergus, Rob},
  title={Biological Structure and Function Emerge from Scaling Unsupervised Learning to 250 Million Protein Sequences},
  year={2019},
  doi={10.1101/622803},
  url={https://www.biorxiv.org/content/10.1101/622803v4},
  journal={PNAS}
}

@article{Zvyagin2022.10.10.511571,
	author = {Zvyagin, Maxim and Brace, Alexander and Hippe, Kyle and Deng, Yuntian and Zhang, Bin and Orozco Bohorquez, Cindy and Clyde, Austin and Kale, Bharat and Perez-Rivera, Danilo and Ma, Heng and Mann, Carla M. and Irvin, Michael and Pauloski, J. Gregory and Ward, Logan and Hayot, Valerie and Emani, Murali and Foreman, Sam and Xie, Zhen and Lin, Diangen and Shukla, Maulik and Nie, Weili and Romero, Josh and Dallago, Christian and Vahdat, Arash and Xiao, Chaowei and Gibbs, Thomas and Foster, Ian and Davis, James J. and Papka, Michael E. and Brettin, Thomas and Stevens, Rick and Anandkumar, Anima and Vishwanath, Venkatram and Ramanathan, Arvind},
	journal = {bioRxiv},
	title = {GenSLMs: Genome-scale language models reveal SARS-CoV-2 evolutionary dynamics},
	year = {2022}
}
@article{smith1981identification,
  title={Identification of common molecular subsequences},
  author={Smith, Temple F and Waterman, Michael S and others},
  journal={Journal of molecular biology},
  volume={147},
  number={1},
  pages={195--197},
  year={1981},
  publisher={Elsevier Science}
}
@article{needleman1970general,
  title={A general method applicable to the search for similarities in the amino acid sequence of two proteins},
  author={Needleman, Saul B and Wunsch, Christian D},
  journal={Journal of molecular biology},
  volume={48},
  number={3},
  pages={443--453},
  year={1970},
  publisher={Elsevier}
}
@article{edgar2004muscle,
  title={MUSCLE: a multiple sequence alignment method with reduced time and space complexity},
  author={Edgar, Robert C},
  journal={BMC bioinformatics},
  volume={5},
  number={1},
  pages={1--19},
  year={2004},
  publisher={BioMed Central}
}

@article{Elnaggar2020.07.12.199554,
	author = {Elnaggar, Ahmed and Heinzinger, Michael and Dallago, Christian and Rehawi, Ghalia and Wang, Yu and Jones, Llion and Gibbs, Tom and Feher, Tamas and Angerer, Christoph and Steinegger, Martin and Bhowmik, Debsindhu and Rost, Burkhard},
	journal = {bioRxiv},
	title = {ProtTrans: Towards Cracking the Language of Life{\textquoteright}s Code Through Self-Supervised Learning},
	year = {2021}
}

@article{biamonte2017,
   author = {Biamonte, J. and Wittek, P. and Pancotti, N. and Rebentrost, P. and Wiebe, N. and Lloyd, S.},
   title = {Quantum machine learning},
   journal = {Nature},
   volume = {549},
   number = {7671},
   pages = {195-202},
   ISSN = {1476-4687 (Electronic)
0028-0836 (Linking)},
   DOI = {10.1038/nature23474},
   url = {https://www.ncbi.nlm.nih.gov/pubmed/28905917},
   year = {2017},
   type = {Journal Article}
}


@article{sievers2014clustal,
  title={Clustal omega},
  author={Sievers, Fabian and Higgins, Desmond G},
  journal={Current protocols in bioinformatics},
  volume={48},
  number={1},
  pages={3--13},
  year={2014},
  publisher={Wiley Online Library}
}
@incollection{iriyama2009quantum,
  title={On quantum algorithm for multiple alignment of amino acid sequences},
  author={Iriyama, Satoshi and Ohya, Masanori},
  booktitle={Quantum Bio-Informatics II: From Quantum Information to Bio-Informatics},
  pages={92--104},
  year={2009},
  publisher={World Scientific}
}
@inproceedings{prousalis2017quantum,
  title={Quantum pattern recognition for local sequence alignment},
  author={Prousalis, Konstantinos and Konofaos, Nikos},
  booktitle={2017 IEEE Globecom Workshops (GC Wkshps)},
  pages={1--5},
  year={2017},
  organization={IEEE}
}
@article{ramesh2003string,
  title={String matching in O (n+ m) quantum time},
  author={Ramesh, Hariharan and Vinay, V},
  journal={Journal of Discrete Algorithms},
  volume={1},
  number={1},
  pages={103--110},
  year={2003},
  publisher={Elsevier}
}
@phdthesis{lindvall2019quantum,
  title={Quantum Methods for Sequence Alignment and Metagenomics},
  author={Lindvall, Oscar Bulancea},
  year={2019},
  school={PhD thesis}
}
@article{pal2022mathematical,
  title={Mathematical Approach to Protein Sequence Comparison Based on Physiochemical Properties},
  author={Pal, Jayanta and Ghosh, Soumen and Maji, Bansibadan and Bhattacharya, Dilip Kumar},
  journal={ACS omega},
  volume={7},
  number={43},
  pages={39446--39455},
  year={2022},
  publisher={ACS Publications}
}
@article{blackshields2010sequence,
  title={Sequence embedding for fast construction of guide trees for multiple sequence alignment},
  author={Blackshields, Gordon and Sievers, Fabian and Shi, Weifeng and Wilm, Andreas and Higgins, Desmond G},
  journal={Algorithms for Molecular Biology},
  volume={5},
  pages={1--11},
  year={2010},
  publisher={Springer}
}
@article{pirovano2008praline,
  title={PRALINE™: a strategy for improved multiple alignment of transmembrane proteins},
  author={Pirovano, Walter and Feenstra, K Anton and Heringa, Jaap},
  journal={Bioinformatics},
  volume={24},
  number={4},
  pages={492--497},
  year={2008},
  publisher={Oxford University Press}
}
@article{eddy1998profile,
  title={Profile hidden Markov models.},
  author={Eddy, Sean R.},
  journal={Bioinformatics (Oxford, England)},
  volume={14},
  number={9},
  pages={755--763},
  year={1998}
}

@article{schermelleh2019super,
  title={Super-resolution microscopy demystified},
  author={Schermelleh, Lothar and Ferrand, Alexia and Huser, Thomas and Eggeling, Christian and Sauer, Markus and Biehlmaier, Oliver and Drummen, Gregor PC},
  journal={Nature cell biology},
  volume={21},
  number={1},
  pages={72--84},
  year={2019},
  publisher={Nature Publishing Group UK London}
}

@article{kuett2022three,
  title={Three-dimensional imaging mass cytometry for highly multiplexed molecular and cellular mapping of tissues and the tumor microenvironment},
  author={Kuett, Laura and Catena, Ra{\'u}l and {\"O}zcan, Alaz and Pl{\"u}ss, Alex and Schraml, Peter and Moch, Holger and de Souza, Natalie and Bodenmiller, Bernd},
  journal={Nature cancer},
  volume={3},
  number={1},
  pages={122--133},
  year={2022},
  publisher={Nature Publishing Group US New York}
}

@article{rozenblatt2017human,
  title={The Human Cell Atlas: from vision to reality},
  author={Rozenblatt-Rosen, Orit and Stubbington, Michael JT and Regev, Aviv and Teichmann, Sarah A},
  journal={Nature},
  volume={550},
  number={7677},
  pages={451--453},
  year={2017},
  publisher={Nature Publishing Group UK London}
}
@article{scannell2012diagnosing,
  title={Diagnosing the decline in pharmaceutical R\&D efficiency},
  author={Scannell, Jack W and Blanckley, Alex and Boldon, Helen and Warrington, Brian},
  journal={Nature reviews Drug discovery},
  volume={11},
  number={3},
  pages={191--200},
  year={2012},
  publisher={Nature Publishing Group UK London}
}
@article{lin2019off,
  title={Off-target toxicity is a common mechanism of action of cancer drugs undergoing clinical trials},
  author={Lin, Ann and Giuliano, Christopher J and Palladino, Ann and John, Kristen M and Abramowicz, Connor and Yuan, Monet Lou and Sausville, Erin L and Lukow, Devon A and Liu, Luwei and Chait, Alexander R and others},
  journal={Science translational medicine},
  volume={11},
  number={509},
  pages={eaaw8412},
  year={2019},
  publisher={American Association for the Advancement of Science}
}

@article{wagner2019single,
  title={A single-cell atlas of the tumor and immune ecosystem of human breast cancer},
  author={Wagner, Johanna and Rapsomaniki, Maria Anna and Chevrier, St{\'e}phane and Anzeneder, Tobias and Langwieder, Claus and Dykgers, August and Rees, Martin and Ramaswamy, Annette and Muenst, Simone and Soysal, Savas Deniz and others},
  journal={Cell},
  volume={177},
  number={5},
  pages={1330--1345},
  year={2019},
  publisher={Elsevier}
}

@article{tirosh2016dissecting,
  title={Dissecting the multicellular ecosystem of metastatic melanoma by single-cell RNA-seq},
  author={Tirosh, Itay and Izar, Benjamin and Prakadan, Sanjay M and Wadsworth, Marc H and Treacy, Daniel and Trombetta, John J and Rotem, Asaf and Rodman, Christopher and Lian, Christine and Murphy, George and others},
  journal={Science},
  volume={352},
  number={6282},
  pages={189--196},
  year={2016},
  publisher={American Association for the Advancement of Science}
}

@article{patel2014single,
  title={Single-cell RNA-seq highlights intratumoral heterogeneity in primary glioblastoma},
  author={Patel, Anoop P and Tirosh, Itay and Trombetta, John J and Shalek, Alex K and Gillespie, Shawn M and Wakimoto, Hiroaki and Cahill, Daniel P and Nahed, Brian V and Curry, William T and Martuza, Robert L and others},
  journal={Science},
  volume={344},
  number={6190},
  pages={1396--1401},
  year={2014},
  publisher={American Association for the Advancement of Science}
}

@article{paik2020single,
  title={Single-cell RNA sequencing in cardiovascular development, disease and medicine},
  author={Paik, David T and Cho, Sangkyun and Tian, Lei and Chang, Howard Y and Wu, Joseph C},
  journal={Nature Reviews Cardiology},
  volume={17},
  number={8},
  pages={457--473},
  year={2020},
  publisher={Nature Publishing Group UK London}
}

@article{segerstolpe2016single,
  title={Single-cell transcriptome profiling of human pancreatic islets in health and type 2 diabetes},
  author={Segerstolpe, {\AA}sa and Palasantza, Athanasia and Eliasson, Pernilla and Andersson, Eva-Marie and Andr{\'e}asson, Anne-Christine and Sun, Xiaoyan and Picelli, Simone and Sabirsh, Alan and Clausen, Maryam and Bjursell, Magnus K and others},
  journal={Cell metabolism},
  volume={24},
  number={4},
  pages={593--607},
  year={2016},
  publisher={Elsevier}
}


@article{esteva2017dermatologist,
  title={Dermatologist-level classification of skin cancer with deep neural networks},
  author={Esteva, Andre and Kuprel, Brett and Novoa, Roberto A and Ko, Justin and Swetter, Susan M and Blau, Helen M and Thrun, Sebastian},
  journal={Nature},
  volume={542},
  number={7639},
  pages={115--118},
  year={2017},
  publisher={Nature Publishing Group}
}

@article{zhou2015predicting,
  title={Predicting effects of noncoding variants with deep learning--based sequence model},
  author={Zhou, Jian and Troyanskaya, Olga G},
  journal={Nature methods},
  volume={12},
  number={10},
  pages={931--934},
  year={2015},
  publisher={Nature Publishing Group US New York}
}

@article{greenwald2022whole,
  title={Whole-cell segmentation of tissue images with human-level performance using large-scale data annotation and deep learning},
  author={Greenwald, Noah F and Miller, Geneva and Moen, Erick and Kong, Alex and Kagel, Adam and Dougherty, Thomas and Fullaway, Christine Camacho and McIntosh, Brianna J and Leow, Ke Xuan and Schwartz, Morgan Sarah and others},
  journal={Nature biotechnology},
  volume={40},
  number={4},
  pages={555--565},
  year={2022},
  publisher={Nature Publishing Group US New York}
}

@article{ardila2019end,
  title={End-to-end lung cancer screening with three-dimensional deep learning on low-dose chest computed tomography},
  author={Ardila, Diego and Kiraly, Atilla P and Bharadwaj, Sujeeth and Choi, Bokyung and Reicher, Joshua J and Peng, Lily and Tse, Daniel and Etemadi, Mozziyar and Ye, Wenxing and Corrado, Greg and others},
  journal={Nature medicine},
  volume={25},
  number={6},
  pages={954--961},
  year={2019},
  publisher={Nature Publishing Group US New York}
}

@article{yala2019deep,
  title={A deep learning mammography-based model for improved breast cancer risk prediction},
  author={Yala, Adam and Lehman, Constance and Schuster, Tal and Portnoi, Tally and Barzilay, Regina},
  journal={Radiology},
  volume={292},
  number={1},
  pages={60--66},
  year={2019},
  publisher={Radiological Society of North America}
}

@article{clevers2016modeling,
  title={Modeling development and disease with organoids},
  author={Clevers, Hans},
  journal={Cell},
  volume={165},
  number={7},
  pages={1586--1597},
  year={2016},
  publisher={Elsevier}
}

@article{moor2023foundation,
  title={Foundation models for generalist medical artificial intelligence},
  author={Moor, Michael and Banerjee, Oishi and Abad, Zahra Shakeri Hossein and Krumholz, Harlan M and Leskovec, Jure and Topol, Eric J and Rajpurkar, Pranav},
  journal={Nature},
  volume={616},
  number={7956},
  pages={259--265},
  year={2023},
  publisher={Nature Publishing Group UK London}
}

@article{bommasani2021opportunities,
  title={On the opportunities and risks of foundation models},
  author={Bommasani, Rishi and Hudson, Drew A and Adeli, Ehsan and Altman, Russ and Arora, Simran and von Arx, Sydney and Bernstein, Michael S and Bohg, Jeannette and Bosselut, Antoine and Brunskill, Emma and others},
  journal={arXiv preprint arXiv:2108.07258},
  year={2021}
}

@article{cordier2022biology,
  title={Biology and medicine in the landscape of quantum advantages},
  author={Cordier, Benjamin A and Sawaya, Nicolas PD and Guerreschi, Gian Giacomo and McWeeney, Shannon K},
  journal={Journal of the Royal Society Interface},
  volume={19},
  number={196},
  pages={20220541},
  year={2022},
  publisher={The Royal Society}
}

@article{kelly2019key,
  title={Key challenges for delivering clinical impact with artificial intelligence},
  author={Kelly, Christopher J and Karthikesalingam, Alan and Suleyman, Mustafa and Corrado, Greg and King, Dominic},
  journal={BMC medicine},
  volume={17},
  pages={1--9},
  year={2019},
  publisher={Springer}
}

@article{ott2022mapping,
  title={Mapping global dynamics of benchmark creation and saturation in artificial intelligence},
  author={Ott, Simon and Barbosa-Silva, Adriano and Blagec, Kathrin and Brauner, Jan and Samwald, Matthias},
  journal={Nature Communications},
  volume={13},
  number={1},
  pages={6793},
  year={2022},
  publisher={Nature Publishing Group UK London}
}

@article{hetzel2021graph,
  title={Graph representation learning for single-cell biology},
  author={Hetzel, Leon and Fischer, David S and G{\"u}nnemann, Stephan and Theis, Fabian J},
  journal={Current Opinion in Systems Biology},
  volume={28},
  pages={100347},
  year={2021},
  publisher={Elsevier}
}

@article{li2022graph,
  title={Graph representation learning in biomedicine and healthcare},
  author={Li, Michelle M and Huang, Kexin and Zitnik, Marinka},
  journal={Nature Biomedical Engineering},
  pages={1--17},
  year={2022},
  publisher={Nature Publishing Group UK London}
}

@inproceedings{jaume2021quantifying,
  title={Quantifying explainers of graph neural networks in computational pathology},
  author={Jaume, Guillaume and Pati, Pushpak and Bozorgtabar, Behzad and Foncubierta, Antonio and Anniciello, Anna Maria and Feroce, Florinda and Rau, Tilman and Thiran, Jean-Philippe and Gabrani, Maria and Goksel, Orcun},
  booktitle={Proceedings of the IEEE/CVF conference on computer vision and pattern recognition},
  pages={8106--8116},
  year={2021}
}

@article{brbic2022annotation,
  title={Annotation of spatially resolved single-cell data with STELLAR},
  author={Brbi{\'c}, Maria and Cao, Kaidi and Hickey, John W and Tan, Yuqi and Snyder, Michael P and Nolan, Garry P and Leskovec, Jure},
  journal={Nature Methods},
  pages={1--8},
  year={2022},
  publisher={Nature Publishing Group US New York}
}

@article{fischer2022modeling,
  title={Modeling intercellular communication in tissues using spatial graphs of cells},
  author={Fischer, David S and Schaar, Anna C and Theis, Fabian J},
  journal={Nature Biotechnology},
  pages={1--5},
  year={2022},
  publisher={Nature Publishing Group US New York}
}

@article{yuan2020gcng,
  title={GCNG: graph convolutional networks for inferring gene interaction from spatial transcriptomics data},
  author={Yuan, Ye and Bar-Joseph, Ziv},
  journal={Genome biology},
  volume={21},
  number={1},
  pages={1--16},
  year={2020},
  publisher={BioMed Central}
}

@article{hu2021spagcn,
  title={SpaGCN: Integrating gene expression, spatial location and histology to identify spatial domains and spatially variable genes by graph convolutional network},
  author={Hu, Jian and Li, Xiangjie and Coleman, Kyle and Schroeder, Amelia and Ma, Nan and Irwin, David J and Lee, Edward B and Shinohara, Russell T and Li, Mingyao},
  journal={Nature methods},
  volume={18},
  number={11},
  pages={1342--1351},
  year={2021},
  publisher={Nature Publishing Group US New York}
}

@article{li2022cell,
  title={Cell clustering for spatial transcriptomics data with graph neural networks},
  author={Li, Jiachen and Chen, Siheng and Pan, Xiaoyong and Yuan, Ye and Shen, Hong-Bin},
  journal={Nature Computational Science},
  volume={2},
  number={6},
  pages={399--408},
  year={2022},
  publisher={Nature Publishing Group US New York}
}

@article{wu2022graph,
  title={Graph deep learning for the characterization of tumour microenvironments from spatial protein profiles in tissue specimens},
  author={Wu, Zhenqin and Trevino, Alexandro E and Wu, Eric and Swanson, Kyle and Kim, Honesty J and D’Angio, H Blaize and Preska, Ryan and Charville, Gregory W and Dalerba, Piero D and Egloff, Ann Marie and others},
  journal={Nature Biomedical Engineering},
  pages={1--14},
  year={2022},
  publisher={Nature Publishing Group UK London}
}

@article{LGZalgorithm,
  title={Quantum algorithms for topological and geometric analysis of data},
  author={Seth Lloyd and Silvano Garnerone and Paolo Zanardi},
  journal={Nature Communications},
  year={2014},
  volume={7}
}

@article{ReviewQTDA,
  title={Review of a Quantum Algorithm for Betti Numbers},
      title={Review of a Quantum Algorithm for Betti Numbers}, 
      author={Sam Gunn and Niels Kornerup},
      journal={arXiv preprint arXiv:1906.07673},
      year={2019},
      eprint={1906.07673},
      archivePrefix={arXiv},
      primaryClass={quant-ph}
}  

@article{QTDAhayakawa,
  doi = {10.22331/q-2022-12-07-873},
  url = {https://doi.org/10.22331/q-2022-12-07-873},
  title = {Quantum algorithm for persistent {B}etti numbers and topological data analysis},
  author = {Hayakawa, Ryu},
  journal = {{Quantum}},
  issn = {2521-327X},
  publisher = {{Verein zur F{\"{o}}rderung des Open Access Publizierens in den Quantenwissenschaften}},
  volume = {6},
  pages = {873},
  month = dec,
  year = {2022}
}

@article{QTDAtowardsadv,
  doi = {10.22331/q-2022-11-10-855},
  url = {https://doi.org/10.22331/q-2022-11-10-855},
  title = {Towards quantum advantage via topological data analysis},
  author = {Gyurik, Casper and Cade, Chris and Dunjko, Vedran},
  journal = {{Quantum}},
  issn = {2521-327X},
  publisher = {{Verein zur F{\"{o}}rderung des Open Access Publizierens in den Quantenwissenschaften}},
  volume = {6},
  pages = {855},
  month = nov,
  year = {2022}
}

@article{QTDAlindepth,
      title={Quantum Topological Data Analysis with Linear Depth and Exponential Speedup}, 
      author={Shashanka Ubaru and Ismail Yunus Akhalwaya and Mark S. Squillante and Kenneth L. Clarkson and Lior Horesh},
      year={2021},
      journal={arXiv preprint arXiv:2108.02811},
      eprint={2108.02811},
      archivePrefix={arXiv},
      primaryClass={quant-ph}
}

@article{QTDAlinexp,
      title={Towards Quantum Advantage on Noisy Quantum Computers}, 
      author={Ismail Yunus Akhalwaya and Shashanka Ubaru and Kenneth L. Clarkson and Mark S. Squillante and Vishnu Jejjala and Yang-Hui He and Kugendran Naidoo and Vasileios Kalantzis and Lior Horesh},
      year={2022},
      journal={arXiv preprint arXiv:2209.09371},
      eprint={2209.09371},
      archivePrefix={arXiv},
      primaryClass={quant-ph}
}



@article{carlssonTDA,
author = {Carlsson, Gunnar and Zomorodian, Afra and Collins, Anne and Guibas, Leonidas J.},
title = {PERSISTENCE BARCODES FOR SHAPES},
journal = {International Journal of Shape Modeling},
volume = {11},
number = {02},
pages = {149-187},
year = {2005},
doi = {10.1142/S0218654305000761}
}

@INPROCEEDINGS{edelsbrunnerTDA,
  author={Edelsbrunner, H. and Letscher, D. and Zomorodian, A.},
  booktitle={Proceedings 41st Annual Symposium on Foundations of Computer Science}, 
  title={Topological persistence and simplification}, 
  year={2000},
  volume={},
  number={},
  pages={454-463},
  doi={10.1109/SFCS.2000.892133}}

@InProceedings{TDAmedicinearrhythmia,
author="Dindin, Meryll
and Umeda, Yuhei
and Chazal, Frederic",
editor="Goutte, Cyril
and Zhu, Xiaodan",
title="Topological Data Analysis for Arrhythmia Detection Through Modular Neural Networks",
booktitle="Advances in Artificial Intelligence",
year="2020",
publisher="Springer International Publishing",
address="Cham",
pages="177--188",
isbn="978-3-030-47358-7"
}

@article{TDAbiologyfolding,
    author = {Yao, Yuan and Sun, Jian and Huang, Xuhui and Bowman, Gregory R. and Singh, Gurjeet and Lesnick, Michael and Guibas, Leonidas J. and Pande, Vijay S. and Carlsson, Gunnar},
    title = "{Topological methods for exploring low-density states in biomolecular folding pathways}",
    journal = {The Journal of Chemical Physics},
    volume = {130},
    number = {14},
    year = {2009},
    month = {04},
    issn = {0021-9606},
    doi = {10.1063/1.3103496},
    url = {https://doi.org/10.1063/1.3103496}
}

@inproceedings{
TDAimageneural,
title={Neural Persistence: A Complexity Measure for Deep Neural Networks Using Algebraic Topology},
author={Bastian Rieck and Matteo Togninalli and Christian Bock and Michael Moor and Max Horn and Thomas Gumbsch and Karsten Borgwardt},
booktitle={International Conference on Learning Representations},
year={2019},
url={https://openreview.net/forum?id=ByxkijC5FQ},
}

@article{TDAtimeseries,
  title={Time series classification via topological data analysis},
  author={Umeda, Yuhei},
  journal={Information and Media Technologies},
  volume={12},
  pages={228--239},
  year={2017},
  publisher={Information and Media Technologies Editorial Board}
}


@article{lewis2021spatial,
  title={Spatial omics and multiplexed imaging to explore cancer biology},
  author={Lewis, Sabrina M and Asselin-Labat, Marie-Liesse and Nguyen, Quan and Berthelet, Jean and Tan, Xiao and Wimmer, Verena C and Merino, Delphine and Rogers, Kelly L and Naik, Shalin H},
  journal={Nature methods},
  volume={18},
  number={9},
  pages={997--1012},
  year={2021},
  publisher={Nature Publishing Group US New York}
}

@article{lim2010designing,
  title={Designing customized cell signalling circuits},
  author={Lim, Wendell A},
  journal={Nature reviews Molecular cell biology},
  volume={11},
  number={6},
  pages={393--403},
  year={2010},
  publisher={Nature Publishing Group UK London}
}

@article{fischbach2013cell,
  title={Cell-based therapeutics: the next pillar of medicine},
  author={Fischbach, Michael A and Bluestone, Jeffrey A and Lim, Wendell A},
  journal={Science translational medicine},
  volume={5},
  number={179},
  pages={179ps7--179ps7},
  year={2013},
  publisher={American Association for the Advancement of Science}
}

@article{WALimScienceReview2022,
author = {Wendell A. Lim },
title = {The emerging era of cell engineering: Harnessing the modularity of cells to program complex biological function},
journal = {Science},
volume = {378},
number = {6622},
pages = {848-852},
year = {2022},
}

@article{daniels2022decoding,
  title={Decoding CAR T cell phenotype using combinatorial signaling motif libraries and machine learning},
  author={Daniels, Kyle G and Wang, Shangying and Simic, Milos S and Bhargava, Hersh K and Capponi, Sara and Tonai, Yurie and Yu, Wei and Bianco, Simone and Lim, Wendell A},
  journal={Science},
  volume={378},
  number={6625},
  pages={1194--1200},
  year={2022},
  publisher={American Association for the Advancement of Science}
}

@article{hong2020engineering,
  title={Engineering CAR-T cells for next-generation cancer therapy},
  author={Hong, Mihe and Clubb, Justin D and Chen, Yvonne Y},
  journal={Cancer cell},
  volume={38},
  number={4},
  pages={473--488},
  year={2020},
  publisher={Elsevier}
}

@article{weber2020emerging,
  title={The emerging landscape of immune cell therapies},
  author={Weber, Evan W and Maus, Marcela V and Mackall, Crystal L},
  journal={Cell},
  volume={181},
  number={1},
  pages={46--62},
  year={2020},
  publisher={Elsevier}
}

@article{june2018chimeric,
  title={Chimeric antigen receptor therapy},
  author={June, Carl H and Sadelain, Michel},
  journal={New England Journal of Medicine},
  volume={379},
  number={1},
  pages={64--73},
  year={2018},
  publisher={Mass Medical Soc}
}

@article{reinhard2020rna,
  title={An RNA vaccine drives expansion and efficacy of claudin-CAR-T cells against solid tumors},
  author={Reinhard, Katharina and Rengstl, Benjamin and Oehm, Petra and Michel, Kristina and Billmeier, Arne and Hayduk, Nina and Klein, Oliver and Kuna, Kathrin and Ouchan, Yasmina and W{\"o}ll, Stefan and others},
  journal={Science},
  volume={367},
  number={6476},
  pages={446--453},
  year={2020},
  publisher={American Association for the Advancement of Science}
}

@article{de2016cancer,
  title={Cancer vaccine triggers antiviral-type defences},
  author={De Vries, Jolanda and Figdor, Carl},
  journal={Nature},
  volume={534},
  number={7607},
  pages={329--331},
  year={2016},
  publisher={Nature Publishing Group UK London}
}

@article{kranz2016systemic,
  title={Systemic RNA delivery to dendritic cells exploits antiviral defence for cancer immunotherapy},
  author={Kranz, Lena M and Diken, Mustafa and Haas, Heinrich and Kreiter, Sebastian and Loquai, Carmen and Reuter, Kerstin C and Meng, Martin and Fritz, Daniel and Vascotto, Fulvia and Hefesha, Hossam and others},
  journal={Nature},
  volume={534},
  number={7607},
  pages={396--401},
  year={2016},
  publisher={Nature Publishing Group UK London}
}

@article{mackensen2022anti,
  title={Anti-CD19 CAR T cell therapy for refractory systemic lupus erythematosus},
  author={Mackensen, Andreas and M{\"u}ller, Fabian and Mougiakakos, Dimitrios and B{\"o}ltz, Sebastian and Wilhelm, Artur and Aigner, Michael and V{\"o}lkl, Simon and Simon, David and Kleyer, Arnd and Munoz, Luis and others},
  journal={Nature medicine},
  volume={28},
  number={10},
  pages={2124--2132},
  year={2022},
  publisher={Nature Publishing Group US New York}
}

@article{rurik2022car,
  title={CAR T cells produced in vivo to treat cardiac injury},
  author={Rurik, Joel G and Tomb{\'a}cz, Istv{\'a}n and Yadegari, Amir and M{\'e}ndez Fern{\'a}ndez, Pedro O and Shewale, Swapnil V and Li, Li and Kimura, Toru and Soliman, Ousamah Younoss and Papp, Tyler E and Tam, Ying K and others},
  journal={Science},
  volume={375},
  number={6576},
  pages={91--96},
  year={2022},
  publisher={American Association for the Advancement of Science}
}

@article{amor2020senolytic,
  title={Senolytic CAR T cells reverse senescence-associated pathologies},
  author={Amor, Corina and Feucht, Judith and Leibold, Josef and Ho, Yu-Jui and Zhu, Changyu and Alonso-Curbelo, Direna and Mansilla-Soto, Jorge and Boyer, Jacob A and Li, Xiang and Giavridis, Theodoros and others},
  journal={Nature},
  volume={583},
  number={7814},
  pages={127--132},
  year={2020},
  publisher={Nature Publishing Group UK London}
}

@article{dill2012protein,
  title={The protein-folding problem, 50 years on},
  author={Dill, Ken A and MacCallum, Justin L},
  journal={Science},
  volume={338},
  number={6110},
  pages={1042--1046},
  year={2012},
  publisher={American Association for the Advancement of Science}
}

@article{raffin2020treg,
  title={Treg cell-based therapies: challenges and perspectives},
  author={Raffin, Caroline and Vo, Linda T and Bluestone, Jeffrey A},
  journal={Nature Reviews Immunology},
  volume={20},
  number={3},
  pages={158--172},
  year={2020},
  publisher={Nature Publishing Group UK London}
}

@article{shin2021protein,
  title={Protein design and variant prediction using autoregressive generative models},
  author={Shin, Jung-Eun and Riesselman, Adam J and Kollasch, Aaron W and McMahon, Conor and Simon, Elana and Sander, Chris and Manglik, Aashish and Kruse, Andrew C and Marks, Debora S},
  journal={Nature communications},
  volume={12},
  number={1},
  pages={2403},
  year={2021},
  publisher={Nature Publishing Group UK London}
}

@article{humphreys2021computed,
  title={Computed structures of core eukaryotic protein complexes},
  author={Humphreys, Ian R and Pei, Jimin and Baek, Minkyung and Krishnakumar, Aditya and Anishchenko, Ivan and Ovchinnikov, Sergey and Zhang, Jing and Ness, Travis J and Banjade, Sudeep and Bagde, Saket R and others},
  journal={Science},
  volume={374},
  number={6573},
  pages={eabm4805},
  year={2021},
  publisher={American Association for the Advancement of Science}
}

@article{wicky2022hallucinating,
  title={Hallucinating symmetric protein assemblies},
  author={Wicky, BIM and Milles, LF and Courbet, A and Ragotte, RJ and Dauparas, J and Kinfu, E and Tipps, S and Kibler, RD and Baek, M and DiMaio, F and others},
  journal={Science},
  volume={378},
  number={6615},
  pages={56--61},
  year={2022},
  publisher={American Association for the Advancement of Science}
}

@article{bryant2022predicting,
  title={Predicting the structure of large protein complexes using AlphaFold and Monte Carlo tree search},
  author={Bryant, Patrick and Pozzati, Gabriele and Zhu, Wensi and Shenoy, Aditi and Kundrotas, Petras and Elofsson, Arne},
  journal={Nature Communications},
  volume={13},
  number={1},
  pages={6028},
  year={2022},
  publisher={Nature Publishing Group UK London}
}

@article{anishchenko2021novo,
  title={De novo protein design by deep network hallucination},
  author={Anishchenko, Ivan and Pellock, Samuel J and Chidyausiku, Tamuka M and Ramelot, Theresa A and Ovchinnikov, Sergey and Hao, Jingzhou and Bafna, Khushboo and Norn, Christoffer and Kang, Alex and Bera, Asim K and others},
  journal={Nature},
  volume={600},
  number={7889},
  pages={547--552},
  year={2021},
  publisher={Nature Publishing Group UK London}
}

@article{dauparas2022robust,
  title={Robust deep learning--based protein sequence design using ProteinMPNN},
  author={Dauparas, Justas and Anishchenko, Ivan and Bennett, Nathaniel and Bai, Hua and Ragotte, Robert J and Milles, Lukas F and Wicky, Basile IM and Courbet, Alexis and de Haas, Rob J and Bethel, Neville and others},
  journal={Science},
  volume={378},
  number={6615},
  pages={49--56},
  year={2022},
  publisher={American Association for the Advancement of Science}
}

@article{wang2022scaffolding,
  title={Scaffolding protein functional sites using deep learning},
  author={Wang, Jue and Lisanza, Sidney and Juergens, David and Tischer, Doug and Watson, Joseph L and Castro, Karla M and Ragotte, Robert and Saragovi, Amijai and Milles, Lukas F and Baek, Minkyung and others},
  journal={Science},
  volume={377},
  number={6604},
  pages={387--394},
  year={2022},
  publisher={American Association for the Advancement of Science}
}

@article{mazurenko2019machine,
  title={Machine learning in enzyme engineering},
  author={Mazurenko, Stanislav and Prokop, Zbynek and Damborsky, Jiri},
  journal={ACS Catalysis},
  volume={10},
  number={2},
  pages={1210--1223},
  year={2019},
  publisher={ACS Publications}
}

@article{yang2019machine,
  title={Machine-learning-guided directed evolution for protein engineering},
  author={Yang, Kevin K and Wu, Zachary and Arnold, Frances H},
  journal={Nature methods},
  volume={16},
  number={8},
  pages={687--694},
  year={2019},
  publisher={Nature Publishing Group US New York}
}

@article{coyle2000cd28,
  title={The CD28-related molecule ICOS is required for effective T cell--dependent immune responses},
  author={Coyle, Anthony J and Lehar, Sophie and Lloyd, Clare and Tian, Jane and Delaney, Tracy and Manning, Stephen and Nguyen, Trang and Burwell, Tim and Schneider, Helga and Gonzalo, Jose Angel and others},
  journal={Immunity},
  volume={13},
  number={1},
  pages={95--105},
  year={2000},
  publisher={Elsevier}
}

@article{das2021accelerated,
  title={Accelerated antimicrobial discovery via deep generative models and molecular dynamics simulations},
  author={Das, Payel and Sercu, Tom and Wadhawan, Kahini and Padhi, Inkit and Gehrmann, Sebastian and Cipcigan, Flaviu and Chenthamarakshan, Vijil and Strobelt, Hendrik and Dos Santos, Cicero and Chen, Pin-Yu and others},
  journal={Nature Biomedical Engineering},
  volume={5},
  number={6},
  pages={613--623},
  year={2021},
  publisher={Nature Publishing Group UK London}
}

@article{guedan2020single,
  title={Single residue in CD28-costimulated CAR-T cells limits long-term persistence and antitumor durability},
  author={Guedan, Sonia and Madar, Aviv and Casado-Medrano, Victoria and Shaw, Carolyn and Wing, Anna and Liu, Fang and Young, Regina M and June, Carl H and Posey, Avery D and others},
  journal={The Journal of clinical investigation},
  volume={130},
  number={6},
  pages={3087--3097},
  year={2020},
  publisher={Am Soc Clin Investig}
}

@article{krause1998antigen,
  title={Antigen-dependent CD28 signaling selectively enhances survival and proliferation in genetically modified activated human primary T lymphocytes},
  author={Krause, Anja and Guo, Hong-Fen and Latouche, Jean-Baptiste and Tan, Cuiwen and Cheung, Nai-Kong V and Sadelain, Michel},
  journal={The Journal of experimental medicine},
  volume={188},
  number={4},
  pages={619--626},
  year={1998},
  publisher={The Rockefeller University Press}
}

@article{roybal2016engineering,
  title={Engineering T cells with customized therapeutic response programs using synthetic notch receptors},
  author={Roybal, Kole T and Williams, Jasper Z and Morsut, Leonardo and Rupp, Levi J and Kolinko, Isabel and Choe, Joseph H and Walker, Whitney J and McNally, Krista A and Lim, Wendell A},
  journal={Cell},
  volume={167},
  number={2},
  pages={419--432},
  year={2016},
  publisher={Elsevier}
}

@article{tousley2023co,
  title={Co-opting signalling molecules enables logic-gated control of CAR T cells},
  author={Tousley, Aidan M and Rotiroti, Maria Caterina and Labanieh, Louai and Rysavy, Lea Wenting and Kim, Won-Ju and Lareau, Caleb and Sotillo, Elena and Weber, Evan W and Rietberg, Skyler P and Dalton, Guillermo Nicolas and others},
  journal={Nature},
  pages={1--10},
  year={2023},
  publisher={Nature Publishing Group UK London}
}

@article{roybal2016precision,
  title={Precision tumor recognition by T cells with combinatorial antigen-sensing circuits},
  author={Roybal, Kole T and Rupp, Levi J and Morsut, Leonardo and Walker, Whitney J and McNally, Krista A and Park, Jason S and Lim, Wendell A},
  journal={Cell},
  volume={164},
  number={4},
  pages={770--779},
  year={2016},
  publisher={Elsevier}
}

@article{martinez2022scaling,
  title={Scaling up complexity in synthetic developmental biology},
  author={Mart{\'\i}nez-Ara, Guillermo and Stapornwongkul, Kristina S and Ebisuya, Miki},
  journal={Science},
  volume={378},
  number={6622},
  pages={864--868},
  year={2022},
  publisher={American Association for the Advancement of Science}
}

@article{harrison2017assembly,
   author = {Harrison, S. E. and Sozen, B. and Christodoulou, N. and Kyprianou, C. and Zernicka-Goetz, M.},
   title = {Assembly of embryonic and extraembryonic stem cells to mimic embryogenesis in vitro},
   journal = {Science},
   volume = {356},
   number = {6334},
   ISSN = {1095-9203 (Electronic)
0036-8075 (Linking)},
   DOI = {10.1126/science.aal1810},
   url = {https://www.ncbi.nlm.nih.gov/pubmed/28254784},
   year = {2017},
   type = {Journal Article}
}

@article{shahbazi2018deconstructing,
  title={Deconstructing and reconstructing the mouse and human early embryo},
  author={Shahbazi, Marta N and Zernicka-Goetz, Magdalena},
  journal={Nature cell biology},
  volume={20},
  number={8},
  pages={878--887},
  year={2018},
  publisher={Nature Publishing Group UK London}
}

@article{pardi2018mrna,
  title={mRNA vaccines—a new era in vaccinology},
  author={Pardi, Norbert and Hogan, Michael J and Porter, Frederick W and Weissman, Drew},
  journal={Nature reviews Drug discovery},
  volume={17},
  number={4},
  pages={261--279},
  year={2018},
  publisher={Nature Publishing Group}
}

@article{pardi2020recent,
  title={Recent advances in mRNA vaccine technology},
  author={Pardi, Norbert and Hogan, Michael J and Weissman, Drew},
  journal={Current opinion in immunology},
  volume={65},
  pages={14--20},
  year={2020},
  publisher={Elsevier}
}















@article{parida_l_redescription_2005,
	title = {Redescription mining: {Structure} theory and algorithms.},
	volume = {2},
	copyright = {AAAI Press},
	journal = {Proceedings of the 20th national conference on Artificial intelligence},
	author = {Parida, Laxmi and Ramakrishnan, Naren},
	year = {2005},
}

@article{platt_characterizing_2016,
	title = {Characterizing redescriptions using persistent homology to isolate genetic pathways contributing to pathogenesis},
	volume = {10},
	issn = {1752-0509},
	url = {https://doi.org/10.1186/s12918-015-0251-2},
	doi = {10.1186/s12918-015-0251-2},
	abstract = {Complex diseases may have multiple pathways leading to disease. E.g. coronary artery disease evolves from arterial damage to their epithelial layers, but has multiple causal pathways. More challenging, those pathways are highly correlated within metabolic syndrome. The challenge is to identify specific clusters of phenotype characteristics (composite phenotypes) that may reflect these different etiologies. Further, GWAS seeking to identify SNPs satisfying multiple composite phenotype descriptions allows for lower false positive rates at lower α thresholds, allowing for the possibility of reducing false negatives. This may provide a window into the missing heritability problem.},
	number = {1},
	urldate = {2023-05-02},
	journal = {BMC Systems Biology},
	author = {Platt, Daniel E. and Basu, Saugata and Zalloua, Pierre A. and Parida, Laxmi},
	month = jan,
	year = {2016},
	keywords = {Genetic association, GWAS, Missing heritability, Pattern discovery, Persistent homology, Redescription},
	pages = {S10},
	file = {Full Text PDF:/Users/watplatt/Zotero/storage/BKL7Q9EX/Platt et al. - 2016 - Characterizing redescriptions using persistent hom.pdf:application/pdf;Snapshot:/Users/watplatt/Zotero/storage/MTIGBQ6F/s12918-015-0251-2.html:text/html},
}

@article{karisani_topology_2022,
	title = {Topology and redescriptions detect multiple alternative biological pathways from clinical phenotypes},
	volume = {247},
	issn = {1535-3702},
	url = {https://doi.org/10.1177/15353702221126671},
	doi = {10.1177/15353702221126671},
	abstract = {Biological pathways play a crucial role in the properties of diseases and are important in drug discovery. Identifying the logical relationships among distinctive phenotypic clusters could reveal possible connections to the underlying pathways. However, this process is challenging since clinical phenotypes are often available through unstructured electronic health records. Moreover, in the absence of a standardized questionnaire, there could be bias among physicians toward selecting certain medical terms. In this article, we develop an efficient pipeline to address these challenges and help practitioners to reveal the pathways associated with the disease. We use topological data analysis and redescriptions and propose a pipeline of four phases: (1) pre-processing the clinical notes to extract the salient concepts, (2) constructing a feature space of the patients to characterize the extracted concepts, (3) leveraging the topological properties to distill the available knowledge and visualize the extracted features, and finally, (4) investigating the bias in the clinical notes of the selected features and identify possible pathways. Our experiments on a publicly available dataset of COVID-19 clinical notes testify that our pipeline can indeed extract meaningful pathways.},
	language = {en},
	number = {22},
	urldate = {2023-05-02},
	journal = {Experimental Biology and Medicine},
	author = {Karisani, Negin and Platt, Daniel E and Basu, Saugata and Parida, Laxmi},
	month = nov,
	year = {2022},
	note = {Publisher: SAGE Publications},
	pages = {2015--2024},
	file = {Full Text:/Users/watplatt/Zotero/storage/IRXRGHNF/Karisani et al. - 2022 - Topology and redescriptions detect multiple altern.pdf:application/pdf},
}

@article{platt_epidemiological_2022,
	author = {Daniel Platt and Aritra Bose and Chaya Levovitz and Kahn Rhrissorrakrai and Laxmi Parida},
	title = {Epidemiological topology data analysis links severe COVID-19 to RAAS and hyperlipidemia associated metabolic syndrome conditions},
	elocation-id = {2022.03.31.22273239},
	year = {2022},
	doi = {10.1101/2022.03.31.22273239},
	publisher = {Cold Spring Harbor Laboratory Press},
	abstract = {The emergence of COVID19 created incredible worldwide challenges but offers unique opportunities to understand the physiology of its risk factors and their interactions with complex disease conditions, such as metabolic syndrome. Epidemiological analysis powered by topological data analysis (TDA) is a novel approach to uncover these clinically relevant interactions. Here TDA utilized Explorys data to discover associations among severe COVID19 and metabolic syndrome, and it explored the probative value of drug prescriptions to capture the involvement of RAAS and hypertension with COVID19 as well as modification of risk factor impact by hyperlipidemia on severe COVID19.Competing Interest StatementThe authors have declared no competing interest.Funding StatementNo external funding was received.Author DeclarationsI confirm all relevant ethical guidelines have been followed, and any necessary IRB and/or ethics committee approvals have been obtained.YesThe details of the IRB/oversight body that provided approval or exemption for the research described are given below:The project was approved by the Data Access and Control Board (IBM Watson Health) to further research into COVID-19 for the greater good. Patients in the US opt in by default and need to actively opt out. If they opt out, their data will not be part of the Explorys database used in this work. This database is fully de-identified and were accessed with protocols compliant with US patient confidentiality requirements, including the Health Insurance Portability and Accountability Act of 1996 regulations; therefore, this study was exempted from Institutional Review Board approval.I confirm that all necessary patient/participant consent has been obtained and the appropriate institutional forms have been archived, and that any patient/participant/sample identifiers included were not known to anyone (e.g., hospital staff, patients or participants themselves) outside the research group so cannot be used to identify individuals.YesI understand that all clinical trials and any other prospective interventional studies must be registered with an ICMJE-approved registry, such as ClinicalTrials.gov. I confirm that any such study reported in the manuscript has been registered and the trial registration ID is provided (note: if posting a prospective study registered retrospectively, please provide a statement in the trial ID field explaining why the study was not registered in advance).YesI have followed all appropriate research reporting guidelines and uploaded the relevant EQUATOR Network research reporting checklist(s) and other pertinent material as supplementary files, if applicable.YesAll data produced in the present study are available upon reasonable request to the authors.},
	URL = {https://www.medrxiv.org/content/early/2022/04/03/2022.03.31.22273239},
	eprint = {https://www.medrxiv.org/content/early/2022/04/03/2022.03.31.22273239.full.pdf},
	journal = {medRxiv}
}

@article{percus_correlation_1975,
	title = {Correlation inequalities for {Ising} spin lattices},
	volume = {40},
	issn = {1432-0916},
	url = {https://doi.org/10.1007/BF01610004},
	doi = {10.1007/BF01610004},
	abstract = {A change of spin representation is used to present expectation inequalities on Ising lattices directly as sums of terms of like sign. The technique is extended to correlation inequalities by introducing replica variables which convert correlations into expectations on a larger space. Second order correlations are analyzed in full from this viewpoint, recovering the FKG set, among others. Third order correlations are examined in some detail, and the sign of the multi-site Ursell correlationsF3,F4,F6 established under appropriate restrictions.},
	language = {en},
	number = {3},
	urldate = {2023-05-08},
	journal = {Communications in Mathematical Physics},
	author = {Percus, J. K.},
	month = oct,
	year = {1975},
	keywords = {Complex System, Neural Network, Nonlinear Dynamics, Quantum Computing, Statistical Physic},
	pages = {283--308},
	file = {Submitted Version:/Users/watplatt/Zotero/storage/S37L8ADX/Percus - 1975 - Correlation inequalities for Ising spin lattices.pdf:application/pdf},
}

@article{bose_cuna_2021,
	author = {Aritra Bose and Daniel E. Platt and Niina Haiminen and Laxmi Parida},
	title = {CuNA: Cumulant-based Network Analysis of genotype-phenotype associations in Parkinson{\textquoteright}s Disease},
	elocation-id = {2021.08.02.21261457},
	year = {2021},
	doi = {10.1101/2021.08.02.21261457},
	publisher = {Cold Spring Harbor Laboratory Press},
	abstract = {Parkinson{\textquoteright}s Disease (PD) is a progressive neurodegenerative movement disorder characterized by loss of striatal dopaminergic neurons. Progression of PD is usually captured by a host of clinical features represented in different rating scales. PD diagnosis is associated with a broad spectrum of non-motor symptoms such as depression, sleep disorder as well as motor symptoms such as movement impairment, etc. The variability within the clinical phenotype of PD makes detection of the genes associated with early onset PD a difficult task. To address this issue, we developed CuNA, a cumulant-based network analysis algorithm that creates a network from higher-order relationships between eQTLs and phenotypes as captured by cumulants. We also designed a multi-omics simulator, CuNAsim to test CuNA{\textquoteright}s qualitative accuracy. CuNA accurately detects communities of clinical phenotypes and finds genes associated with them. When applied on PD data, we find previously unreported genes INPP5J, SAMD1 and OR4K13 associated with symptoms of PD affecting the kidney, muscles and olfaction. CuNA provides a framework to integrate and analyze RNA-seq, genotype and clinical phenotype data from complex diseases for more targeted diagnostic and therapeutic solutions in personalized medicine. CuNA and CuNAsim binaries are available upon request.Competing Interest StatementThe authors have declared no competing interest.Funding StatementPartial funding was received by the Michael J. Fox Foundation.Author DeclarationsI confirm all relevant ethical guidelines have been followed, and any necessary IRB and/or ethics committee approvals have been obtained.YesThe details of the IRB/oversight body that provided approval or exemption for the research described are given below:The research described was approved by Michael J. Fox Foundation and used data provided by PPMI All necessary patient/participant consent has been obtained and the appropriate institutional forms have been archived.All necessary patient/participant consent has been obtained and the appropriate institutional forms have been archived.YesI understand that all clinical trials and any other prospective interventional studies must be registered with an ICMJE-approved registry, such as ClinicalTrials.gov. I confirm that any such study reported in the manuscript has been registered and the trial registration ID is provided (note: if posting a prospective study registered retrospectively, please provide a statement in the trial ID field explaining why the study was not registered in advance).YesI have followed all appropriate research reporting guidelines and uploaded the relevant EQUATOR Network research reporting checklist(s) and other pertinent material as supplementary files, if applicable.YesData is available through Michael J. Fox Foundation upon request.},
	URL = {https://www.medrxiv.org/content/early/2021/08/05/2021.08.02.21261457},
	eprint = {https://www.medrxiv.org/content/early/2021/08/05/2021.08.02.21261457.full.pdf},
	journal = {medRxiv}
}



@article{pesah2021absence,
  title={Absence of barren plateaus in quantum convolutional neural networks},
  author={Pesah, Arthur and Cerezo, Marco and Wang, Samson and Volkoff, Tyler and Sornborger, Andrew T and Coles, Patrick J},
  journal={Physical Review X},
  volume={11},
  number={4},
  pages={041011},
  year={2021},
  publisher={APS}
}

@article{cong2019quantum,
  title={Quantum convolutional neural networks},
  author={Cong, Iris and Choi, Soonwon and Lukin, Mikhail D},
  journal={Nature Physics},
  volume={15},
  number={12},
  pages={1273--1278},
  year={2019},
  publisher={Nature Publishing Group UK London}
}

@article{bulten2022,
  title={Artificial intelligence for diagnosis and Gleason grading of prostate cancer: the PANDA challenge},
  author={Bulten, W. and Kartasalo, K. and Chen, P.C. and Ström, P. and Pinckaers, H. and Nagpal, K. and Cai, Y. and Steiner, D.F. and van Boven, H. and Vink, R. and Hulsbergen-van de Kaa, C. and van der Laak, J. and Amin, M.B. and Evans, A.J. and van der Kwast, T. and Allan, R. and Humphrey, P.A. and Grönberg, H. and Samaratunga, H. and Delahunt, B. and Tsuzuki, T. and Häkkinen, T. and Egevad, L. and Demkin, M. and Dane, S. and Tan, F. and Valkonen, M. and Corrado, G.S. and Peng, L. and Mermel, C.H. and Ruusuvuori, P. and Litjens, G. and Eklund, M. and the PANDA challenge consortium},
  journal={Nature Medicine},
  volume={28},
  pages={154–163},
  year={2022}
}

@article{brancati2022bracs,
  title={Bracs: A dataset for breast carcinoma subtyping in h\&e histology images},
  author={Brancati, Nadia and Anniciello, Anna Maria and Pati, Pushpak and Riccio, Daniel and Scognamiglio, Giosu{\`e} and Jaume, Guillaume and De Pietro, Giuseppe and Di Bonito, Maurizio and Foncubierta, Antonio and Botti, Gerardo and others},
  journal={Database},
  volume={2022},
  year={2022},
  publisher={Oxford Academic}
}

@article{lee_statistical_1952,
	title = {Statistical {Theory} of {Equations} of {State} and {Phase} {Transitions}. {II}. {Lattice} {Gas} and {Ising} {Model}},
	volume = {87},
	url = {https://link.aps.org/doi/10.1103/PhysRev.87.410},
	doi = {10.1103/PhysRev.87.410},
	abstract = {The problems of an Ising model in a magnetic field and a lattice gas are proved mathematically equivalent. From this equivalence an example of a two-dimensional lattice gas is given for which the phase transition regions in the p−v diagram is exactly calculated.},
	number = {3},
	urldate = {2023-05-11},
	journal = {Physical Review},
	author = {Lee, T. D. and Yang, C. N.},
	month = aug,
	year = {1952},
	note = {Publisher: American Physical Society},
	pages = {410--419},
	file = {APS Snapshot:/Users/watplatt/Zotero/storage/IN4555J7/PhysRev.87.html:text/html},
}

@article{Rossmannek2023,
author = {Rossmannek, Max and Pavošević, Fabijan and Rubio, Angel and Tavernelli, Ivano},
title = {Quantum Embedding Method for the Simulation of Strongly Correlated Systems on Quantum Computers},
journal = {J. Chem. Phys. Lett.},
volume = {14},
number = {14},
pages = {3491-3497},
year = {2023}
}

@article{Rossmannek2021,
    author = {Rossmannek, Max and Barkoutsos, Panagiotis Kl. and Ollitrault, Pauline J. and Tavernelli, Ivano},
    title = "{Quantum HF/DFT-embedding algorithms for electronic structure calculations: Scaling up to complex molecular systems}",
    journal = {J. Chem. Phys.},
    volume = {154},
    number = {11},
    year = {2021}
}

@article{Mensa_2023,
doi = {10.1088/2632-2153/acb900},
year = {2023},
month = {feb},
publisher = {IOP Publishing},
volume = {4},
number = {1},
pages = {015023},
author = {Stefano Mensa and Emre Sahin and Francesco Tacchino and Panagiotis Kl Barkoutsos and Ivano Tavernelli},
title = {Quantum machine learning framework for virtual screening in drug discovery: a prospective quantum advantage},
journal = {Machine Learning: Science and Technology}
}

@article{OllitraultqEOM2020,
  title = {Quantum equation of motion for computing molecular excitation energies on a noisy quantum processor},
  author = {Ollitrault, Pauline J. and Kandala, Abhinav and Chen, Chun-Fu and Barkoutsos, Panagiotis Kl. and Mezzacapo, Antonio and Pistoia, Marco and Sheldon, Sarah and Woerner, Stefan and Gambetta, Jay M. and Tavernelli, Ivano},
  journal = {Phys. Rev. Res.},
  volume = {2},
  issue = {4},
  pages = {043140},
  numpages = {13},
  year = {2020},
  month = {Oct},
  publisher = {American Physical Society},
  doi = {10.1103/PhysRevResearch.2.043140},
  url = {https://link.aps.org/doi/10.1103/PhysRevResearch.2.043140}
}

@article{Dey2022,
   author = {Dey, T. K. and Mandal, S. and Mukherjee, S.},
   title = {Gene expression data classification using topology and machine learning models},
   journal = {BMC Bioinformatics},
   volume = {22},
   number = {Suppl 10},
   pages = {627},
   ISSN = {1471-2105 (Electronic)
1471-2105 (Linking)},
   DOI = {10.1186/s12859-022-04704-z},
   url = {https://www.ncbi.nlm.nih.gov/pubmed/35596135},
   year = {2022},
   type = {Journal Article}
}

@article{Masoomy2021,
   author = {Masoomy, H. and Askari, B. and Tajik, S. and Rizi, A. K. and Jafari, G. R.},
   title = {Topological analysis of interaction patterns in cancer-specific gene regulatory network: persistent homology approach},
   journal = {Scientific Reports},
   volume = {11},
   number = {1},
   pages = {16414},
   ISSN = {2045-2322 (Electronic)
2045-2322 (Linking)},
   DOI = {10.1038/s41598-021-94847-5},
   url = {https://www.ncbi.nlm.nih.gov/pubmed/34385492},
   year = {2021},
   type = {Journal Article}
}

@article{Loughrey2021,
   author = {Loughrey, C. F. and Fitzpatrick, P. and Orr, N. and Jurek-Loughrey, A.},
   title = {The topology of data: opportunities for cancer research},
   journal = {Bioinformatics},
   volume = {37},
   number = {19},
   pages = {3091-3098},
   ISSN = {1367-4811 (Electronic)
1367-4803 (Print)
1367-4803 (Linking)},
   DOI = {10.1093/bioinformatics/btab553},
   url = {https://www.ncbi.nlm.nih.gov/pubmed/34320632},
   year = {2021},
   type = {Journal Article}
}

@article{Rabadan2020,
   author = {Rabadan, R. and Mohamedi, Y. and Rubin, U. and Chu, T. and Alghalith, A. N. and Elliott, O. and Arnes, L. and Cal, S. and Obaya, A. J. and Levine, A. J. and Camara, P. G.},
   title = {Identification of relevant genetic alterations in cancer using topological data analysis},
   journal = {Nature Communications},
   volume = {11},
   number = {1},
   pages = {3808},
   ISSN = {2041-1723 (Electronic)
2041-1723 (Linking)},
   DOI = {10.1038/s41467-020-17659-7},
   url = {https://www.ncbi.nlm.nih.gov/pubmed/32732999},
   year = {2020},
   type = {Journal Article}
}

@article{Camara2017,
   author = {Camara, P. G.},
   title = {Topological methods for genomics: present and future directions},
   journal = {Curr Opin Syst Biol},
   volume = {1},
   pages = {95-101},
   ISSN = {2452-3100 (Print)
2452-3100 (Electronic)
2452-3100 (Linking)},
   DOI = {10.1016/j.coisb.2016.12.007},
   url = {https://www.ncbi.nlm.nih.gov/pubmed/28983521},
   year = {2017},
   type = {Journal Article}
}

@article{Nicolau2011,
   author = {Nicolau, M. and Levine, A. J. and Carlsson, G.},
   title = {Topology based data analysis identifies a subgroup of breast cancers with a unique mutational profile and excellent survival},
   journal = {Proc Natl Acad Sci U S A},
   volume = {108},
   number = {17},
   pages = {7265-70},
   ISSN = {1091-6490 (Electronic)
0027-8424 (Print)
0027-8424 (Linking)},
   DOI = {10.1073/pnas.1102826108},
   url = {https://www.ncbi.nlm.nih.gov/pubmed/21482760},
   year = {2011},
   type = {Journal Article}
}

@article {Hao2023,
	author = {Minsheng Hao and Jing Gong and Xin Zeng and Chiming Liu and Yucheng Guo and Xingyi Cheng and Taifeng Wang and Jianzhu Ma and Le Song and Xuegong Zhang},
	title = {Large Scale Foundation Model on Single-cell Transcriptomics},
	elocation-id = {2023.05.29.542705},
	year = {2023},
	doi = {10.1101/2023.05.29.542705},
	publisher = {Cold Spring Harbor Laboratory},
	abstract = {Large-scale pretrained models have become foundation models leading to breakthroughs in natural language processing and related fields. Developing foundation models in life science for deciphering the {\textquotedblleft}languages{\textquotedblright} of cells and facilitating biomedical research is promising yet challenging. We developed a large-scale pretrained model scFoundation with 100M parameters for this purpose. scFoundation was trained on over 50 million human single-cell transcriptomics data, which contain high-throughput observations on the complex molecular features in all known types of cells. scFoundation is currently the largest model in terms of the size of trainable parameters, dimensionality of genes and the number of cells used in the pre-training. Experiments showed that scFoundation can serve as a foundation model for single-cell transcriptomics and achieve state-of-the-art performances in a diverse array of downstream tasks, such as gene expression enhancement, tissue drug response prediction, single-cell drug response classification, and single-cell perturbation prediction.Competing Interest StatementThe authors have declared no competing interest.},
	URL = {https://www.biorxiv.org/content/early/2023/06/21/2023.05.29.542705},
	eprint = {https://www.biorxiv.org/content/early/2023/06/21/2023.05.29.542705.full.pdf},
	journal = {bioRxiv}
}

@article {Cui2023,
	author = {Haotian Cui and Chloe Wang and Hassaan Maan and Bo Wang},
	title = {scGPT: Towards Building a Foundation Model for Single-Cell Multi-omics Using Generative AI},
	elocation-id = {2023.04.30.538439},
	year = {2023},
	doi = {10.1101/2023.04.30.538439},
	publisher = {Cold Spring Harbor Laboratory},
	URL = {https://www.biorxiv.org/content/early/2023/05/01/2023.04.30.538439},
	eprint = {https://www.biorxiv.org/content/early/2023/05/01/2023.04.30.538439.full.pdf},
	journal = {bioRxiv}
}

@article{Garcia-Perez21,
  title = {Learning to Measure: Adaptive Informationally Complete Generalized Measurements for Quantum Algorithms},
  author = {Garc\'{\i}a-P\'erez, Guillermo and Rossi, Matteo A.C. and Sokolov, Boris and Tacchino, Francesco and Barkoutsos, Panagiotis Kl. and Mazzola, Guglielmo and Tavernelli, Ivano and Maniscalco, Sabrina},
  journal = {PRX Quantum},
  volume = {2},
  issue = {4},
  pages = {040342},
  numpages = {17},
  year = {2021},
  month = {Nov},
  publisher = {American Physical Society},
  doi = {10.1103/PRXQuantum.2.040342},
  url = {https://link.aps.org/doi/10.1103/PRXQuantum.2.040342}
}

@article{Glos22,
      title={Adaptive POVM implementations and measurement error mitigation strategies for near-term quantum devices}, 
      author={Adam Glos and Anton Nykänen and Elsi-Mari Borrelli and Sabrina Maniscalco and Matteo A. C. Rossi and Zoltán Zimborás and Guillermo García-Pérez},
      year={2022},
      eprint={2208.07817},
      journal={arXiv preprint arXiv:2208.07817},
      archivePrefix={arXiv},
      primaryClass={quant-ph}
}

@article{Grimsley19,
   author = {Grimsley, H. R. and Economou, S. E. and Barnes, E. and Mayhall, N. J.},
   title = {An adaptive variational algorithm for exact molecular simulations on a quantum computer},
   journal = {Nat Commun},
   volume = {10},
   number = {1},
   pages = {3007},
   ISSN = {2041-1723 (Electronic)
2041-1723 (Linking)},
   DOI = {10.1038/s41467-019-10988-2},
   url = {https://www.ncbi.nlm.nih.gov/pubmed/31285433},
   year = {2019},
   type = {Journal Article}
}

@article{Nykänen22,
      title={Mitigating the measurement overhead of ADAPT-VQE with optimised informationally complete generalised measurements}, 
      author={Anton Nykänen and Matteo A. C. Rossi and Elsi-Mari Borrelli and Sabrina Maniscalco and Guillermo García-Pérez},
      year={2022},
      journal={arXiv preprint arXiv:2212.09719},
      eprint={2212.09719},
      archivePrefix={arXiv},
      primaryClass={quant-ph}
}

@article{Garcia-Perez22,
      title={Virtual linear map algorithm for classical boost in near-term quantum computing}, 
      author={Guillermo García-Pérez and Elsi-Mari Borrelli and Matea Leahy and Joonas Malmi and Sabrina Maniscalco and Matteo A. C. Rossi and Boris Sokolov and Daniel Cavalcanti},
      year={2022},
      journal={arXiv preprint arXiv:2207.01360},
      eprint={2207.01360},
      archivePrefix={arXiv},
      primaryClass={quant-ph}
}

@article{Filippov22,
      title={Matrix product channel: Variationally optimized quantum tensor network to mitigate noise and reduce errors for the variational quantum eigensolver}, 
      author={Sergey Filippov and Boris Sokolov and Matteo A. C. Rossi and Joonas Malmi and Elsi-Mari Borrelli and Daniel Cavalcanti and Sabrina Maniscalco and Guillermo García-Pérez},
      year={2022},
      journal={arXiv preprint arXiv:2212.10225},
      eprint={2212.10225},
      archivePrefix={arXiv},
      primaryClass={quant-ph}
}

@article{Barabasi2011,
   author = {Barabasi, A. L. and Gulbahce, N. and Loscalzo, J.},
   title = {Network medicine: a network-based approach to human disease},
   journal = {Nat Rev Genet},
   volume = {12},
   number = {1},
   pages = {56-68},
   ISSN = {1471-0064 (Electronic)
1471-0056 (Print)
1471-0056 (Linking)},
   DOI = {10.1038/nrg2918},
   url = {https://www.ncbi.nlm.nih.gov/pubmed/21164525},
   year = {2011},
   type = {Journal Article}
}

@article{Luck2020,
   author = {Luck, K. and Kim, D. K. and Lambourne, L. and Spirohn, K. and Begg, B. E. and Bian, W. and Brignall, R. and Cafarelli, T. and Campos-Laborie, F. J. and Charloteaux, B. and Choi, D. and Cote, A. G. and Daley, M. and Deimling, S. and Desbuleux, A. and Dricot, A. and Gebbia, M. and Hardy, M. F. and Kishore, N. and Knapp, J. J. and Kovacs, I. A. and Lemmens, I. and Mee, M. W. and Mellor, J. C. and Pollis, C. and Pons, C. and Richardson, A. D. and Schlabach, S. and Teeking, B. and Yadav, A. and Babor, M. and Balcha, D. and Basha, O. and Bowman-Colin, C. and Chin, S. F. and Choi, S. G. and Colabella, C. and Coppin, G. and D'Amata, C. and De Ridder, D. and De Rouck, S. and Duran-Frigola, M. and Ennajdaoui, H. and Goebels, F. and Goehring, L. and Gopal, A. and Haddad, G. and Hatchi, E. and Helmy, M. and Jacob, Y. and Kassa, Y. and Landini, S. and Li, R. and van Lieshout, N. and MacWilliams, A. and Markey, D. and Paulson, J. N. and Rangarajan, S. and Rasla, J. and Rayhan, A. and Rolland, T. and San-Miguel, A. and Shen, Y. and Sheykhkarimli, D. and Sheynkman, G. M. and Simonovsky, E. and Tasan, M. and Tejeda, A. and Tropepe, V. and Twizere, J. C. and Wang, Y. and Weatheritt, R. J. and Weile, J. and Xia, Y. and Yang, X. and Yeger-Lotem, E. and Zhong, Q. and Aloy, P. and Bader, G. D. and De Las Rivas, J. and Gaudet, S. and Hao, T. and Rak, J. and Tavernier, J. and Hill, D. E. and Vidal, M. and Roth, F. P. and Calderwood, M. A.},
   title = {A reference map of the human binary protein interactome},
   journal = {Nature},
   volume = {580},
   number = {7803},
   pages = {402-408},
   ISSN = {1476-4687 (Electronic)
0028-0836 (Print)
0028-0836 (Linking)},
   DOI = {10.1038/s41586-020-2188-x},
   url = {https://www.ncbi.nlm.nih.gov/pubmed/32296183},
   year = {2020},
   type = {Journal Article}
}

@article{maniscalco2022quantum,
      title={Quantum network medicine: rethinking medicine with network science and quantum algorithms}, 
      author={Sabrina Maniscalco and Elsi-Mari Borrelli and Daniel Cavalcanti and Caterina Foti and Adam Glos and Mark Goldsmith and Stefan Knecht and Keijo Korhonen and Joonas Malmi and Anton Nykänen and Matteo A. C. Rossi and Harto Saarinen and Boris Sokolov and N. Walter Talarico and Jussi Westergren and Zoltán Zimborás and Guillermo García-Pérez},
      year={2022},
      journal={arXiv preprint arXiv:2206.12405},
      eprint={2206.12405},
      archivePrefix={arXiv},
      primaryClass={quant-ph}
}

@article{Goldsmith2023,
   author = {Goldsmith, M. and Saarinen, H. and Garcia-Perez, G. and Malmi, J. and Rossi, M. A. C. and Maniscalco, S.},
   title = {Link Prediction with Continuous-Time Classical and Quantum Walks},
   journal = {Entropy (Basel)},
   volume = {25},
   number = {5},
   ISSN = {1099-4300 (Electronic)
1099-4300 (Linking)},
   DOI = {10.3390/e25050730},
   url = {https://www.ncbi.nlm.nih.gov/pubmed/37238485},
   year = {2023},
   type = {Journal Article}
}
@article{francis_many-body_2021,
	title = {Many-body thermodynamics on quantum computers via partition function zeros},
	volume = {7},
	url = {https://www.science.org/doi/10.1126/sciadv.abf2447},
	doi = {10.1126/sciadv.abf2447},
	abstract = {Partition functions are ubiquitous in physics: They are important in determining the thermodynamic properties of many-body systems and in understanding their phase transitions. As shown by Lee and Yang, analytically continuing the partition function to the complex plane allows us to obtain its zeros and thus the entire function. Moreover, the scaling and nature of these zeros can elucidate phase transitions. Here, we show how to find partition function zeros on noisy intermediate-scale trapped-ion quantum computers in a scalable manner, using the XXZ spin chain model as a prototype, and observe their transition from XY-like behavior to Ising-like behavior as a function of the anisotropy. While quantum computers cannot yet scale to the thermodynamic limit, our work provides a pathway to do so as hardware improves, allowing the future calculation of critical phenomena for systems beyond classical computing limits.},
	number = {34},
	urldate = {2023-07-11},
	journal = {Science Advances},
	author = {Francis, Akhil and Zhu, Daiwei and Huerta Alderete, Cinthia and Johri, Sonika and Xiao, Xiao and Freericks, James K. and Monroe, Christopher and Linke, Norbert M. and Kemper, Alexander F.},
	month = aug,
	year = {2021},
	note = {Publisher: American Association for the Advancement of Science},
	pages = {eabf2447},
	file = {Full Text PDF:/Users/watplatt/Zotero/storage/VHVF8SRK/Francis et al. - 2021 - Many-body thermodynamics on quantum computers via .pdf:application/pdf},
}
@article{hinton_training_2002,
	title = {Training {Products} of {Experts} by {Minimizing} {Contrastive} {Divergence}},
	volume = {14},
	issn = {0899-7667},
	url = {https://doi.org/10.1162/089976602760128018},
	doi = {10.1162/089976602760128018},
	abstract = {It is possible to combine multiple latent-variable models of the same data by multiplying their probability distributions together and then renormalizing. This way of combining individual “expert” models makes it hard to generate samples from the combined model but easy to infer the values of the latent variables of each expert, because the combination rule ensures that the latent variables of different experts are conditionally independent when given the data. A product of experts (PoE) is therefore an interesting candidate for a perceptual system in which rapid inference is vital and generation is unnecessary. Training a PoE by maximizing the likelihood of the data is difficult because it is hard even to approximate the derivatives of the renormalization term in the combination rule. Fortunately, a PoE can be trained using a different objective function called “contrastive divergence” whose derivatives with regard to the parameters can be approximated accurately and efficiently. Examples are presented of contrastive divergence learning using several types of expert on several types of data.},
	number = {8},
	urldate = {2023-07-11},
	journal = {Neural Computation},
	author = {Hinton, Geoffrey E.},
	month = aug,
	year = {2002},
	pages = {1771--1800},
	file = {Snapshot:/Users/watplatt/Zotero/storage/LY7K93SY/Training-Products-of-Experts-by-Minimizing.html:text/html},
}

@article{flindt_trajectory_2013,
	title = {Trajectory {Phase} {Transitions}, {Lee}-{Yang} {Zeros}, and {High}-{Order} {Cumulants} in {Full} {Counting} {Statistics}},
	volume = {110},
	url = {https://link.aps.org/doi/10.1103/PhysRevLett.110.050601},
	doi = {10.1103/PhysRevLett.110.050601},
	abstract = {We investigate Lee-Yang zeros of generating functions of dynamical observables and establish a general relation between phase transitions in ensembles of trajectories of stochastic many-body systems and the time evolution of high-order cumulants of such observables. This connects dynamical free energies for full counting statistics in the long-time limit, which can be obtained via large-deviation methods and whose singularities indicate dynamical phase transitions, to observables that are directly accessible in simulation and experiment. As an illustration, we consider facilitated spin models of glasses and show that from the short-time behavior of high-order cumulants, it is possible to infer the existence and location of dynamical or “space-time” transitions in these systems.},
	number = {5},
	urldate = {2023-07-11},
	journal = {Physical Review Letters},
	author = {Flindt, Christian and Garrahan, Juan P.},
	month = jan,
	year = {2013},
	note = {Publisher: American Physical Society},
	pages = {050601},
	file = {Accepted Version:/Users/watplatt/Zotero/storage/UV75RZ5F/Flindt and Garrahan - 2013 - Trajectory Phase Transitions, Lee-Yang Zeros, and .pdf:application/pdf;APS Snapshot:/Users/watplatt/Zotero/storage/TIJNI3DS/PhysRevLett.110.html:text/html},
}

@article{labanieh2023car,
  title={CAR immune cells: design principles, resistance and the next generation},
  author={Labanieh, Louai and Mackall, Crystal L},
  journal={Nature},
  volume={614},
  number={7949},
  pages={635--648},
  year={2023},
  publisher={Nature Publishing Group UK London}
}

@article{gordon2022screening,
  title={Screening for CD19-specific chimaeric antigen receptors with enhanced signalling via a barcoded library of intracellular domains},
  author={Gordon, Khloe S and Kyung, Taeyoon and Perez, Caleb R and Holec, Patrick V and Ramos, Azucena and Zhang, Angela Q and Agarwal, Yash and Liu, Yunpeng and Koch, Catherine E and Starchenko, Alina and others},
  journal={Nature Biomedical Engineering},
  volume={6},
  number={7},
  pages={855--866},
  year={2022},
  publisher={Nature Publishing Group UK London}
}

@article{castellanos2022speedingcars,
  title={speedingCARs: accelerating the engineering of CAR T cells by signaling domain shuffling and single-cell sequencing},
  author={Castellanos-Rueda, Roc{\'\i}o and Di Roberto, Rapha{\"e}l B and Bieberich, Florian and Schlatter, Fabrice S and Palianina, Darya and Nguyen, Oanh TP and Kapetanovic, Edo and L{\"a}ubli, Heinz and Hierlemann, Andreas and Khanna, Nina and others},
  journal={Nature Communications},
  volume={13},
  number={1},
  pages={6555},
  year={2022},
  publisher={Nature Publishing Group UK London}
}

@article{floether_2023,
  title={The state of quantum computing applications in health and medicine},
  DOI={10.1017/qut.2023.4},
  journal={Research Directions: Quantum Technologies}, author={Fl\"{o}ther, Frederik F.},
  year={2023},
  pages={1–21}
}

@article{floether_griffin_2023,
  title={How can quantum technologies be applied in healthcare, medicine and the life sciences?},
  volume={1},
  DOI={10.1017/qut.2023.1},
  journal={Research Directions: Quantum Technologies}, publisher={Cambridge University Press},
  author={Fl\"{o}ther, Frederik F. and Griffin, Paul F.},
  year={2023},
  pages={e7}
}

@article{sharma2017primary,
  title={Primary, adaptive, and acquired resistance to cancer immunotherapy},
  author={Sharma, Padmanee and Hu-Lieskovan, Siwen and Wargo, Jennifer A and Ribas, Antoni},
  journal={Cell},
  volume={168},
  number={4},
  pages={707--723},
  year={2017},
  publisher={Elsevier}
}

@article{abbott2021quantum,
  title={Quantum computers to explore precision oncology},
  author={Abbott, Alison},
  journal={Nature Biotechnology},
  volume={39},
  number={11},
  pages={1324--1325},
  year={2021}
}

@article{andreyev2020integration,
  title={Integration of flow cytometry and single cell sequencing},
  author={Andreyev, Dmitry S and Zybailov, Boris L},
  journal={Trends in Biotechnology},
  volume={38},
  number={2},
  pages={133--136},
  year={2020},
  publisher={Elsevier}
}